
% svm struct
@inproceedings{THJA04,
 author = {Tsochantaridis, Ioannis and Hofmann, Thomas and Joachims, Thorsten and Altun, Yasemin},
 title = {Support Vector Machine Learning for Interdependent and Structured Output Spaces},
 booktitle = {Proceedings of the 21th International Conference on Machine Learning (ICML 2004)},
 year = {2004},
 pages = {823-830},
 publisher = {ACM},
}

% svm struct
@article{TJTA05,
 author = {Tsochantaridis, Ioannis and Joachims, Thorsten and Hofmann, Thomas and Altun, Yasemin},
 title = {Large Margin Methods for Structured and Interdependent Output Variables},
 journal = {Journal of Machine Learning Research},
 volume = {6},
 month = {December},
 year = {2005},
 pages = {1453--1484},
 publisher = {JMLR.org},
}

% svm struct
@article{JFY09,
year={2009},
journal={Machine Learning},
volume={77},
number={1},
title={Cutting-plane training of structural SVMs},
publisher={Springer US},
author={Joachims, Thorsten and Finley, Thomas and Yu, Chun-NamJohn},
pages={27-59},
}

% bishop book
@book{Bishop07,
    author = {Bishop, Christopher M.},
    edition = {1st ed. 2006. Corr. 2nd printing 2011},
    publisher = {Springer},
    title = {{Pattern Recognition and Machine Learning (Information Science and Statistics)}},
    year = {2007}
}

% probabilistic graphical model
@book{Koller09probabilistic,
    author = {Daphne Koller and Nir Friedman},
    publisher = {The MIT Press},
    title = {Probabilistic Graphical Models: Principles and Techniques},
    year = {2009}
}

% m3n
@inproceedings{Taskar04max,
title = {Max-Margin Markov Networks},
author = {Taskar, Ben and Carlos Guestrin and Daphne Koller},
booktitle = {Advances in Neural Information Processing Systems 16},
editor = {S. Thrun and L.K. Saul and B. Sch\"{o}lkopf},
pages = {25--32},
year = {2004},
publisher = {MIT Press},
url = {http://papers.nips.cc/paper/2397-max-margin-markov-networks.pdf}
}



% exponential gradient
@inproceedings{bartlett04,
title = {Exponentiated Gradient Algorithms for Large-margin Structured Classification},
author = {Peter L. Bartlett and Michael Collins and Taskar, Ben and David A. McAllester},
booktitle = {Advances in Neural Information Processing Systems 17},
editor = {L.K. Saul and Y. Weiss and L. Bottou},
pages = {113--120},
year = {2005},
publisher = {MIT Press},
url = {http://papers.nips.cc/paper/2677-exponentiated-gradient-algorithms-for-large-margin-structured-classification.pdf}
}


% extra gradient
@inproceedings{taskar06,
title = {Structured Prediction via the Extragradient Method},
author = {Taskar, Ben and Lacoste-Julian, Simon and Michael I. Jordan},
booktitle = {Advances in Neural Information Processing Systems 18},
editor = {Y. Weiss and B. Sch\"{o}lkopf and J.C. Platt},
pages = {1345--1352},
year = {2006},
publisher = {MIT Press},
url = {http://papers.nips.cc/paper/2794-structured-prediction-via-the-extragradient-method.pdf}
}


% subgradient
@inproceedings{Ratliff07,
   author = "Nathan Ratliff and J. Andrew Drew Bagnell and Martin Zinkevich",
   title = "(Online) Subgradient Methods for Structured Prediction",
   booktitle = "Proceedings of the 11th International Conference on Artificial Intelligence and Statistics (AISTATS 2007)",
   month = "March",
   year = "2007",
 publisher = {JMLR.org},
volume={2},
page={380-387}
}

@article{Rousu07,
	Author = {Rousu, J. and Saunders, C. and Szedmak, S. and Shawe-Taylor, J.},
	Journal = {Predicting Structured Data},
	Pages = {105--129},
	Publisher = {MIT Press},
	Title = {{Efficient algorithms for max-margin structured classification}},
	Year = {2007}
	}

@article{Rousu06,
	Author = {Rousu, J. and Saunders, C. and Szedmak, S. and Shawe-Taylor, J.},
	Journal = {The Journal of Machine Learning Research},
	Pages = {1601--1626},
	Publisher = {JMLR.org},
	Title = {Kernel-Based Learning of Hierarchical Multilabel Classification Models},
	Volume = {7},
	Year = {2006}
	}

% crf
@inproceedings{lafferty01,
	 author = {Lafferty, John D. and McCallum, Andrew and Pereira, Fernando C. N.},
	 title = {Conditional Random Fields: Probabilistic Models for Segmenting and Labeling Sequence Data},
	 booktitle = {Proceedings of the 8th International Conference on Machine Learning (ICML 2001)},
	 year = {2001},
	 pages = {282--289},
	 publisher = {Morgan Kaufmann Publishers Inc.},
	} 
	
% perceptron
@article{Rosenblatt58,
	 author = {Rosenblatt, Frank},
	 title = {The Perceptron: A Probabilistic Model for Information Storage and Organization in the Brain},
	 journal = {Psychological Review},
	 volume = {65},
	 month = "December",
	 year = {1958},
	 pages = {386--408},
	 publisher = {Cornell Aeronautical Laboratory},
	}
	
@article{Rosenblatt62,
author = {Rosenblatt, Frank},
 title = {Principles of Neurodynamics},
Publisher = {Spartan, New York},
year={1962}
}

% structure perceptron	
@inproceedings{collins02a,
	 author = {Collins, Michael},
	 title = {Discriminative Training Methods for Hidden Markov Models: Theory and Experiments with Perceptron Algorithms},
	 booktitle = {Proceedings of the ACL-02 Conference on Empirical Methods in Natural Language Processing},
	 year = {2002},
	 pages = {1--8},
	 publisher = {Association for Computational Linguistics},
	} 
	
@inproceedings{collins02b,
	 author = {Collins, Michael and Duffy, Nigel},
	 title = {New Ranking Algorithms for Parsing and Tagging: Kernels over Discrete Structures, and the Voted Perceptron},
	 booktitle = {Proceedings of the 40th Annual Meeting on Association for Computational Linguistics (ACL 2002)},
	 year = {2002},
	 pages = {263--270},
	 publisher = {Association for Computational Linguistics},
	 address = {Stroudsburg, PA, USA},
	} 


% perceptron average	


% incremental perceptron
@inproceedings{Collin2004i,
 author = {Collins, Michael and Roark, Brian},
 title = {Incremental Parsing with the Perceptron Algorithm},
 booktitle = {Proceedings of the 42th Annual Meeting on Association for Computational Linguistics (ACL 2004)},
 year = {2004},
 publisher = {Association for Computational Linguistics},
 address = {Stroudsburg, PA, USA},
} 


% crf 2
@inproceedings{taskar02,
 author = {Taskar, Ben and Abbeel, Pieter and Koller, Daphne},
 title = {Discriminative Probabilistic Models for Relational Data},
 booktitle = {Proceedings of the Eighteenth Conference on Uncertainty in Artificial Intelligence (UAI 2002)},
 year = {2002},
 pages = {485--492},
 publisher = {Morgan Kaufmann Publishers Inc.},
 address = {San Francisco, CA, USA},
} 

% iis
@article{Berger97,
	 author = {Berger, A},
	 title = {The improved iterative scaling algorithm: A gentle introduction},
	 journal = {Machine Learning},
	 year = {1999},
	}
	% gis
@ARTICLE{Darroch72,
    author = {Darroch, J.N. and Ratcliff, D.},
    title = {Generalized iterative scaling for log-linear models},
    journal = {Annals of Mathematical Statistics},
    year = {1972},
    volume = {43},
    number = {4},
    pages = {25-40},
}


% svm 
@Inproceedings{Boser92,
	author = "Bernhard E. Boser and Isabelle M. Guyon and Vladimir N. Vapnik",
	title = "A Training Algorithm for Optimal Margin Classifiers",
	booktitle = "Proceedings of the 5th Annual Workshop on Computational Learning Theory",
	year = "1992",
	pages = "144--152",
	publisher = "ACM",
}

% kernel approximation
@inproceedings{Si14memory, 
    Publisher = {JMLR.org}, 
    Author = {Si Si and Cho-jui Hsieh and Inderjit Dhillon}, 
    Title = {Memory Efficient Kernel Approximation}, 
    Pages = {701-709}, 
    Year = {2014}, 
    Booktitle = {Proceedings of the 31st International Conference on Machine Learning (ICML 2014)} 
   }

% taylor's book
@book{Taylor04kernel,
  title={{Kernel Methods for Pattern Analysis}},
  author={Shawe-Taylor, J. and Cristianini, N.},
  year={2004},
  publisher={Cambridge University Press}
}

@book{Taylor00an,
  title={An Introduction to Support Vector Machines and Other Kernel-based Learning Methods},
  author={Nello Cristinini and John Shawe-Taylor},
  year={2000},
  publisher={Cambridge University Press}
}

% perceptron mistake
@article{Block62the,
  title = {The Perceptron: A Model for Brain Functioning. I},
  author = {Block, H. D.},
  journal = {Rev. Mod. Phys.},
  volume = {34},
  issue = {1},
  pages = {123--135},
  year = {1962},
  month = {Jan}
}
@article{Novikoff62,
  title = {On convergence proofs on perceptrons},
  author = {Novikoff, A. B.},
  journal = {Symposium on the Mathematical Theory of Automata},
  volume = {12},
  pages = {615-622},
  year = {1962},
	publisher={Polytechnic Institute of Brooklyn}
}

% vote perceptron
@article{Freund99large,
 author = {Freund, Yoav and Schapire, Robert E.},
 title = {Large Margin Classification Using the Perceptron Algorithm},
 journal = {Machine Learning},
 volume = {37},
 number = {3},
 month = dec,
 year = {1999},
 pages = {277--296},
 publisher = {Kluwer Academic Publishers},
} 


% prior smoothing gaussian logistic regression
@ARTICLE{Chen00, 
author={Chen, S.F. and Rosenfeld, R.}, 
journal={IEEE Transactions on Speech and Audio Processing}, 
title={A survey of smoothing techniques for ME models}, 
year={2000}, 
month={Jan}, 
volume={8}, 
number={1}, 
pages={37-50}, 
}
@phdthesis{Chen99,
	Author = {Chen, S.F. and Rosenfeld, R.},
	Note = {Technical Report CMU-CS-99-108},
	School = {Computer Science Department, Carnegie Mellon University},
	Title = {A Gaussian Prior for Smoothing Maximum Entropy Models},
	Year = {1999}}
@INPROCEEDINGS{Goodman03,
    author = {Joshua Goodman},
    title = {Exponential Priors for Maximum Entropy Models},
    booktitle = {Proceedings of the Annual Meeting of the Association for Computational Linguistics (ACL 2003)},
    year = {2003},
    pages = {305--312}
}

% logistic regression optimization survey | quasi newton
@article{Minka03,
author = {Tomas P. Minka},
title = {A Comparison of Numerical Optimizers for Logistic Regression},
year = {2003}
}

% logistic regression iis
@ARTICLE{Pietra97inducing, 
author={Della Pietra, S. and Della Pietra, V. and Lafferty, J.}, 
journal={IEEE Transactions on Pattern Analysis and Machine Intelligence}, 
title={Inducing features of random fields}, 
year={1997}, 
month={Apr}, 
volume={19}, 
number={4}, 
pages={380-393},
}

% logistic regression iis
@inproceedings{Goodman02Sequential,
 author = {Goodman, Joshua},
 title = {Sequential Conditional Generalized Iterative Scaling},
 booktitle = {Proceedings of the 40th Annual Meeting on Association for Computational Linguistics (ACL 2002)},
 series = {ACL '02},
 year = {2002},
 pages = {9--16},
 numpages = {8},
} 

% logistic regression iis
@inproceedings{Jin03a, 
    Author = {Rong Jin and Rong Yan and Jian Zhang and Alexander G. Hauptmann}, 
    Booktitle = {Proceedings of the 20th International Conference on Machine Learning (ICML 2003)}, 
    Title = {A Faster Iterative Scaling Algorithm for Conditional Exponential Model}, 
    Year = {2003}, 
    Pages = {282-289},
	publisher = {JMLR.org}
   }

% truncated newton
@techreport{Komarek05making,
   author = "Paul Komarek and Andrew Moore",
   title = "Making Logistic Regression A Core Data Mining Tool: A Practical Investigation of Accuracy, Speed, and Simplicity",
   institution = "Robotics Institute",
   month = "May",
   year = "2005",
   number= "CMU-RI-TR-05-27",
}

% trust region newton
@article{Lin2008trust,
 author = {Lin, Chih-Jen and Weng, Ruby C. and Keerthi, S. Sathiya},
 title = {Trust Region Newton Method for Logistic Regression},
 journal = {Journal of Machine Learning Research},
 volume = {9},
 month = {June},
 year = {2008},
 pages = {627--650},
 numpages = {24},
 publisher = {JMLR.org},
}

% coordinated descent
@InProceedings{Huang09iterative,
  author    = {Huang, Fang-Lan  and  Hsieh, Cho-Jui  and  Chang, Kai-Wei  and  Lin, Chih-Jen},
  title     = {Iterative Scaling and Coordinate Descent Methods for Maximum Entropy},
  booktitle = {Proceedings of the ACL-IJCNLP 2009 Conference Short Papers},
  month     = {August},
  year      = {2009},
  pages     = {285--288},
}

% dual regression 
@INPROCEEDINGS{Jaakkola99probabilistic,
    author = {Tommi S. Jaakkola and David Haussler},
    title = {Probabilistic Kernel Regression Models},
    booktitle = {Proceedings of the 7th Workshop on Artificial Intelligent and Statistics (AISTATS 1999)},
    year = {1999},
    publisher = {Morgan Kaufmann}
}

% regression dual
@article{Keerthi05a,
year={2005},
journal={Machine Learning},
volume={61},
number={1-3},
title={A Fast Dual Algorithm for Kernel Logistic Regression},
publisher={Kluwer Academic Publishers},
author={Keerthi, S.S. and Duan, K.B. and Shevade, S.K. and Poo, A.N.},
pages={151-165},
language={English}
}

% regression dual
@article{Yu11dual,
year={2011},
journal={Machine Learning},
volume={85},
number={1-2},
title={Dual coordinate descent methods for logistic regression and maximum entropy models},
publisher={Springer US},
author={Yu, Hsiang-Fu and Huang, Fang-Lan and Lin, Chih-Jen},
pages={41-75},
language={English}
}

% svm original
@article{Cortes95support,
year={1995},
journal={Machine Learning},
volume={20},
number={3},
title={Support-Vector Networks},
publisher={Kluwer Academic Publishers-Plenum Publishers},
author={Cortes, Corinna and Vapnik, Vladimir},
pages={273-297},
}

% smo
@incollection{Platt99fast,
 author = {Platt, John C.},
 chapter = {Fast Training of Support Vector Machines Using Sequential Minimal Optimization},
 title = {Advances in Kernel Methods},
 editor = {Sch\"{o}lkopf, Bernhard and Burges, Christopher J. C. and Smola, Alexander J.},
 year = {1999},
 pages = {185--208},
 publisher = {MIT Press},
 address = {Cambridge, MA, USA},
} 

@TechReport {Platt98sequential,
author       = {John Platt},
institution  = {Microsoft Research},
month        = {April},
number       = {MSR-TR-98-14},
pages        = {21},
title        = {Sequential Minimal Optimization:  A Fast Algorithm for Training Support Vector
                Machines},
year         = {1998},
}


% libsvm
@article{Chang11libsvm,
 author = {Chang, Chih-Chung and Lin, Chih-Jen},
 title = {LIBSVM: A Library for Support Vector Machines},
 journal = {ACM Transactions on Intelligent Systems and Technology},
 volume = {2},
 number = {3},
 month = may,
 year = {2011},
 pages = {27:1--27:27},
 publisher = {ACM},
 address = {New York, NY, USA},
} 

% svmlight
@TechReport{Joachims98making,
  author =	 {T. Joachims},
  title =	 {Making large-Scale SVM Learning Practical},
  institution =	 {Universit{\"a}t Dortmund, LS VIII-Report},
  year =	 {1998},
  number =	 {24},
  type =	 {LS8-Report}
}

% svm kernel book
@book{Scholkopf02learning,
    author = {Bernhard Schölkopf and Alexander J. Smola},
    publisher = {MIT Press},
    title = {Learning with Kernels - Support Vector Machines, Regularization, Optimization, and Beyond},
    year = {2002}
}

% svm solution trunking
@INPROCEEDINGS{Osuna97an, 
author={Osuna, E. and Freund, R. and Girosi, F.}, 
booktitle={Proceedings of the 1997 IEEE Workshop on Neural Networks for Signal Processing [1997] VII}, 
title={An improved training algorithm for support vector machines}, 
year={1997}, 
month={Sep}, 
pages={276-285}, 
}

% general smo convergence
@article{Keerthi02convergence,
 author = {Keerthi, S. S. and Gilbert, E. G.},
 title = {Convergence of a Generalized SMO Algorithm for SVM Classifier Design},
 journal = {Machine Learning},
 issue_date = {2002},
 volume = {46},
 number = {1-3},
 month = mar,
 year = {2002},
 pages = {351--360},
 publisher = {Kluwer Academic Publishers},
 address = {Hingham, MA, USA},
} 

% svm chunking
@book{Vapnik82estimation,
    author = {Vapnik, V},
    publisher = {Springer-Verlag},
    title = {Estimation of Dependences Based on Empirical Data},
    year = {1982}
}


% svm double chunking
@INPROCEEDINGS{Perezcruz04double,
    author = {O Pérez-Cruz and Aníbal R. Figueiras-Vidal and Antonio Artés-Rodríguez},
    title = {Double chunking for solving SVMs for very large datasets},
    booktitle = {Learning’04, Elche, Spain (2004)},
    year = {2004}
}

% digesting
@article{Decoste02support,
year={2002},
journal={Machine Learning},
volume={46},
number={1-3},
title={Training Invariant Support Vector Machines},
publisher={Kluwer Academic Publishers},
keywords={support vector machines; invariance; prior knowledge; image classification; pattern recognition},
author={Decoste, Dennis and Schölkopf, Bernhard},
pages={161-190},
language={English}
}

% svm subproblem
@incollection{Schwaighofer01the,
year={2001},
booktitle={Artificial Neural Networks — ICANN 2001},
volume={2130},
editor={Dorffner, Georg and Bischof, Horst and Hornik, Kurt},
title={The Bayesian Committee Support Vector Machine},
publisher={Springer Berlin Heidelberg},
author={Schwaighofer, Anton and Tresp, Volker},
pages={411-417},
language={English}
}
@ARTICLE{Tresp00a,
    author = {Volker Tresp},
    title = {A Bayesian Committee Machine},
    journal = {NEURAL COMPUTATION},
    year = {2000},
    volume = {12},
    pages = {2000}
}

% cascade svm
@INPROCEEDINGS{Graf05parallel,
title = {Parallel Support Vector Machines: The Cascade SVM},
author = {Hans P. Graf and Eric Cosatto and Bottou, L\'{e}on and Igor Dourdanovic and Vladimir Vapnik},
booktitle = {Advances in Neural Information Processing Systems 17},
editor = {L.K. Saul and Y. Weiss and L. Bottou},
pages = {521--528},
year = {2005},
publisher = {MIT Press},
url = {http://papers.nips.cc/paper/2608-parallel-support-vector-machines-the-cascade-svm.pdf}
}

@article{Collobert02a,
 author = {Collobert, Ronan and Bengio, Samy and Bengio, Yoshua},
 title = {A Parallel Mixture of SVMs for Very Large Scale Problems},
 journal = {Neural Computation},
 issue_date = {May 2002},
 volume = {14},
 number = {5},
 month = may,
 year = {2002},
 pages = {1105--1114},
 numpages = {10},
 publisher = {MIT Press},
 address = {Cambridge, MA, USA},
} 

% divide conque svm
% svm struct
@inproceedings{Hsieh14a,
 author = {Cho-Jui Hsieh and Si Si and Inderjit Dhillon},
 title = {A Divide-and-Conquer Solver for Kernel Support Vector Machines},
 booktitle = {Proceedings of the 31th International Conference on Machine Learning (ICML 2014)},
 year = {2014},
 pages = {566-574},
 publisher = {JMLR.org},
}

% sparse greedy svm kenrel 
@inproceedings{Smola00sparse,
 author = {Smola, Alex J. and Sch\"{o}kopf, Bernhard},
 title = {Sparse Greedy Matrix Approximation for Machine Learning},
 booktitle = {Proceedings of the 17th International Conference on Machine Learning (ICML 2000)},
 year = {2000},
 pages = {911--918},
 publisher = {Morgan Kaufmann Publishers Inc.},
} 

% low rank approximation - first article about it
@article{Fine02efficient,
 author = {Fine, Shai and Scheinberg, Katya},
 title = {Efficient Svm Training Using Low-rank Kernel Representations},
 journal = {Journal of Machine Learning Research},
 issue_date = {3/1/2002},
 volume = {2},
 month = mar,
 year = {2002},
 issn = {1532-4435},
 pages = {243--264},
 numpages = {22},
 url = {http://dl.acm.org/citation.cfm?id=944790.944812},
 acmid = {944812},
 publisher = {JMLR.org},
} 


% nystrom
@article{Drineas05on,
 author = {Drineas, Petros and Mahoney, Michael W.},
 title = {On the Nystr\"om Method for Approximating a Gram Matrix for Improved Kernel-Based Learning},
 journal = {Journal of Machine Learning Research},
 issue_date = {12/1/2005},
 volume = {6},
 month = dec,
 year = {2005},
 issn = {1532-4435},
 pages = {2153--2175},
 numpages = {23},
 url = {http://dl.acm.org/citation.cfm?id=1046920.1194916},
 acmid = {1194916},
 publisher = {JMLR.org},
} 

% svm landmark
@inproceedings{Zhang08improved,
 author = {Zhang, Kai and Tsang, Ivor W. and Kwok, James T.},
 title = {Improved Nystr\"{o}m Low-rank Approximation and Error Analysis},
 booktitle = {Proceedings of the 25th International Conference on Machine Learning (ICML 2008)},
 year = {2008},
 pages = {1232--1239},
 publisher = {ACM},
} 
@INPROCEEDINGS{Boley04training,
    author = {Daniel Boley and Dongwei Cao},
    title = {Training Support Vector Machine using Adaptive Clustering},
    booktitle = {Proceedings of the 4th SIAM International Conference on Data Mining},
    year = {2004}
}
@inproceedings{Pavlov00towards,
 author = {Pavlov, Dmitry and Chudova, Darya and Smyth, Padhraic},
 title = {Towards Scalable Support Vector Machines Using Squashing},
 booktitle = {Proceedings of the Sixth ACM SIGKDD International Conference on Knowledge Discovery and Data Mining},
 series = {KDD '00},
 year = {2000},
 pages = {295--299},
 publisher = {ACM},
 address = {New York, NY, USA},
} 
@article{Yu05making,
 author = {Yu, Hwanjo and Yang, Jiong and Han, Jiawei and Li, Xiaolei},
 title = {Making SVMs Scalable to Large Data Sets Using Hierarchical Cluster Indexing},
 journal = {Data Min. Knowl. Discov.},
 volume = {11},
 number = {3},
 month = nov,
 year = {2005},
 issn = {1384-5810},
 pages = {295--321},
 publisher = {Kluwer Academic Publishers},
 address = {Hingham, MA, USA},
} 
@article{Keerthi06building,
 author = {Keerthi, S. Sathiya and Chapelle, Olivier and DeCoste, Dennis},
 title = {Building Support Vector Machines with Reduced Classifier Complexity},
 journal = {Journal of Machine Learning Research},
 issue_date = {12/1/2006},
 volume = {7},
 month = dec,
 year = {2006},
 issn = {1532-4435},
 pages = {1493--1515},
 numpages = {23},
 url = {http://dl.acm.org/citation.cfm?id=1248547.1248602},
 acmid = {1248602},
 publisher = {JMLR.org},
} 
@article{Bordes05fast,
 author = {Bordes, Antoine and Ertekin, Seyda and Weston, Jason and Bottou, L{\'e}on},
 title = {Fast Kernel Classifiers with Online and Active Learning},
 journal = {Journal of Machine Learning Research},
 issue_date = {12/1/2005},
 volume = {6},
 month = dec,
 year = {2005},
 issn = {1532-4435},
 pages = {1579--1619},
 numpages = {41},
 url = {http://dl.acm.org/citation.cfm?id=1046920.1194898},
 acmid = {1194898},
 publisher = {JMLR.org},
} 
@inproceedings{Zhang12scaling, 
    Author = {Kai Zhang and Liang Lan and Zhuang Wang and Fabian Moerchen}, 
    Journal = {Journal of Machine Learning Research - Workshop and Conference Proceedings}, 
    Title = {Scaling up Kernel SVM on Limited Resources: A Low-rank Linearization Approach}, 
    Volume = {22}, 
    Year = {2012}, 
    Booktitle = {Proceedings of the Fifteenth International Conference on Artificial Intelligence and Statistics (AISTATS 2012)}, 
    Pages = {1425-1434} 
   }
@inproceedings{Le13fast,
title = {Fastfood - Approximating Kernel Expansions in Loglinear Time},
author  = {Quoc Le and Tamas Sarlos and Alex Smola},
year  = {2013},
booktitle = {Proceedings of the 30th International Conference on Machine Learning (ICML 2013)},
publisher = {JMLR.org},
pages = {244-252}
}



% ensemble review
@book{Zhou12ensemble,
 author = {Zhou, Zhi-Hua},
 title = {Ensemble Methods: Foundations and Algorithms},
 year = {2012},
 isbn = {1439830037, 9781439830031},
 edition = {1st},
 publisher = {Chapman \& Hall/CRC},
}

% bagging
@article{Breiman96bagging,
year={1996},
journal={Machine Learning},
volume={24},
number={2},
title={Bagging Predictors},
publisher={Kluwer Academic Publishers-Plenum Publishers},
author={Breiman, Leo},
pages={123-140},
language={English}
}

% bootstrap
@article{Efron1994introduction,
  title={An introduction to the bootstrap},
  author={Efron, B and Tibshirani, RJ},
publisher={Chapman and Hall/CRC},
  year={1994}
}

% out of bag
@techreport{Breiman96out,
   author = "Leo Breiman",
   title = "Out-of-bag Estimation",
   institution = "Statistics Department, University of California, Berkeley",
   month = "May",
   year = "1996"
}

@article{Wolpert99an,
year={1999},
issn={0885-6125},
journal={Machine Learning},
volume={35},
number={1},
doi={10.1023/A:1007519102914},
title={An Efficient Method To Estimate Bagging's Generalization Error},
url={http://dx.doi.org/10.1023/A%3A1007519102914},
publisher={Kluwer Academic Publishers},
keywords={Bagging; cross-validation; stacking; generalization error; bootstrap},
author={Wolpert, DavidH. and Macready, WilliamG.},
pages={41-55},
language={English}
}

@article{Tibshirani1996bias,
  title={Bias, variance and prediction error for classification rules},
  author={Tibshirani, Robert},
  publisher={University of Toronto, Department of Statistics},
  year={1996}
}

% strong weak learnability
@article{Kearns94cryptographic,
 author = {Kearns, Michael and Valiant, Leslie},
 title = {Cryptographic Limitations on Learning Boolean Formulae and Finite Automata},
 journal = {J. ACM},
 issue_date = {Jan. 1989},
 volume = {41},
 number = {1},
 month = jan,
 year = {1989},
 issn = {0004-5411},
 pages = {67--95},
 numpages = {29},
 url = {http://doi.acm.org/10.1145/174644.174647},
 doi = {10.1145/174644.174647},
 acmid = {174647},
 publisher = {ACM},
 address = {New York, NY, USA},
} 
@article{Schapire90the,
 author = {Schapire, Robert E.},
 title = {The Strength of Weak Learnability},
 journal = {Machine Learning},
 issue_date = {Jun. 1990},
 volume = {5},
 number = {2},
 month = jul,
 year = {1990},
 issn = {0885-6125},
 pages = {197--227},
 numpages = {31},
 url = {http://dx.doi.org/10.1023/A:1022648800760},
 doi = {10.1023/A:1022648800760},
 acmid = {83645},
 publisher = {Kluwer Academic Publishers},
 address = {Hingham, MA, USA},
 keywords = {Machine learning, PAC learning, learnability theory, learning from examples, polynomial-time identification},
} 

% adaboost
@article{Freund97a,
 author = {Freund, Yoav and Schapire, Robert E.},
 title = {A Decision-theoretic Generalization of On-line Learning and an Application to Boosting},
 journal = {J. Comput. Syst. Sci.},
 issue_date = {Aug. 1997},
 volume = {55},
 number = {1},
 month = aug,
 year = {1997},
 issn = {0022-0000},
 pages = {119--139},
 numpages = {21},
 url = {http://dx.doi.org/10.1006/jcss.1997.1504},
 doi = {10.1006/jcss.1997.1504},
 acmid = {261549},
 publisher = {Academic Press, Inc.},
 address = {Orlando, FL, USA},
} 

% adaboost
@article{Schapire99improved,
year={1999},
issn={0885-6125},
journal={Machine Learning},
volume={37},
number={3},
doi={10.1023/A:1007614523901},
title={Improved Boosting Algorithms Using Confidence-rated Predictions},
url={http://dx.doi.org/10.1023/A%3A1007614523901},
publisher={Kluwer Academic Publishers},
keywords={boosting algorithms; multiclass classification; output coding; decision trees},
author={Schapire, RobertE. and Singer, Yoram},
pages={297-336},
language={English}
}

@article{Esuli2008boosting,
year={2008},
issn={1386-4564},
journal={Information Retrieval},
volume={11},
number={4},
doi={10.1007/s10791-008-9047-y},
title={Boosting multi-label hierarchical text categorization},
url={http://dx.doi.org/10.1007/s10791-008-9047-y},
publisher={Springer Netherlands},
keywords={Hierarchical text classification; Boosting},
author={Esuli, Andrea and Fagni, Tiziano and Sebastiani, Fabrizio},
pages={287-313},
language={English}
}

% random forest
@article{Breiman01random,
year={2001},
issn={0885-6125},
journal={Machine Learning},
volume={45},
number={1},
doi={10.1023/A:1010933404324},
title={Random Forests},
url={http://dx.doi.org/10.1023/A%3A1010933404324},
publisher={Kluwer Academic Publishers},
keywords={classification; regression; ensemble},
author={Breiman, Leo},
pages={5-32},
language={English}
}

% vr tree
@article{Liu08spectrum,
 author = {Liu, Fei Tony and Ting, Kai Ming and Yu, Yang and Zhou, Zhi-Hua},
 title = {Spectrum of Variable-random Trees},
 journal = {Journal of Artificial Intelligence Research},
 issue_date = {May 2008},
 volume = {32},
 number = {1},
 month = may,
 year = {2008},
 issn = {1076-9757},
 pages = {355--384},
 numpages = {30},
 url = {http://dl.acm.org/citation.cfm?id=1622673.1622681},
 acmid = {1622681},
 publisher = {AI Access Foundation},
 address = {USA},
} 

% deepboosting
@inproceedings{Cortes14deep,
 author = {Corinna Cortes and Mehryar Mohri and Umar Syed},
 title = {Deep Boosting},
 booktitle = {Proceedings of the 31th International Conference on Machine Learning (ICML 2004)},
 year = {2014},
 pages = {823-830},
 publisher = {JMLR.org},
}

% boosting for multilabel structured output
@inproceedings{Cortes14semble,
 author = {Corinna Cortes and Vitaly Kuznetsov and Mehryar Mohri},
 title = {Ensemble Methods for Structured Prediction},
 booktitle = {Proceedings of the 31th International Conference on Machine Learning (ICML 2004)},
 year = {2014},
 pages = {823-830},
 publisher = {JMLR.org},
}

% adaboost guarantee
@inproceedings{Schapire97boosting,
 author = {Schapire, Robert E. and Freund, Yoav and Barlett, Peter and Lee, Wee Sun},
 title = {Boosting the Margin: A New Explanation for the Effectiveness of Voting Methods},
 booktitle = {Proceedings of the 14th International Conference on Machine Learning (ICML 1997)},
 year = {1997},
 pages = {322--330},
 publisher = {Morgan Kaufmann Publishers Inc.},
} 
@ARTICLE{Koltchinskii00empirical,
    author = {V. Koltchinskii and D. Panchenko},
    title = {Empirical Margin Distributions And Bounding The Generalization Error Of Combined Classifiers},
    journal = {Annals of Statistics},
    year = {2000},
    volume = {30},
    pages = {2002}
}

% stacking
@article{Smyth99linearly,
year={1999},
issn={0885-6125},
journal={Machine Learning},
volume={36},
number={1-2},
doi={10.1023/A:1007511322260},
title={Linearly Combining Density Estimators via Stacking},
url={http://dx.doi.org/10.1023/A%3A1007511322260},
publisher={Kluwer Academic Publishers},
keywords={density estimation; stacking; kernel densities; cross-validation; mixture models},
author={Smyth, Padhraic and Wolpert, David},
pages={59-83},
language={English}
}

% bayesian average
@ARTICLE{Freund04generalization,
    author = {Yoav Freund and Yishay Mansour and Robert E. Schapire},
    title = {Generalization bounds for averaged classifiers},
    journal = {THE ANNALS OF STATISTICS},
    year = {2004},
    volume = {32},
    pages = {1698--1722}
}

% tree ensemble
@article{Kocev13tree,
 author = {Kocev, Dragi and Vens, Celine and Struyf, Jan and Deroski, Sa\v{s}O},
 title = {Tree Ensembles for Predicting Structured Outputs},
 journal = {Pattern Recogn.},
 issue_date = {March, 2013},
 volume = {46},
 number = {3},
 month = mar,
 year = {2013},
 issn = {0031-3203},
 pages = {817--833},
 numpages = {17},
 url = {http://dx.doi.org/10.1016/j.patcog.2012.09.023},
 doi = {10.1016/j.patcog.2012.09.023},
 acmid = {2401168},
 publisher = {Elsevier Science Inc.},
 address = {New York, NY, USA},
 keywords = {Ensemble methods, Hierarchical multi-label classification, Multi-target classification, Multi-target regression, Predictive clustering trees, Structured outputs},
} 

% ensemble multilabel nlp
@article{Collins05distrimnative,
 author = {Collins, Michael and Koo, Terry},
 title = {Discriminative Reranking for Natural Language Parsing},
 journal = {Comput. Linguist.},
 issue_date = {March 2005},
 volume = {31},
 number = {1},
 month = mar,
 year = {2005},
 issn = {0891-2017},
 pages = {25--70},
 numpages = {46},
 url = {http://dx.doi.org/10.1162/0891201053630273},
 doi = {10.1162/0891201053630273},
 acmid = {1122627},
 publisher = {MIT Press},
 address = {Cambridge, MA, USA},
} 
@inproceedings{Zhang09kbest,
 author = {Zhang, Hui and Zhang, Min and Tan, Chew Lim and Li, Haizhou},
 title = {K-best Combination of Syntactic Parsers},
 booktitle = {Proceedings of the 2009 Conference on Empirical Methods in Natural Language Processing: Volume 3 - Volume 3},
 series = {EMNLP '09},
 year = {2009},
 isbn = {978-1-932432-63-3},
 location = {Singapore},
 pages = {1552--1560},
 numpages = {9},
 url = {http://dl.acm.org/citation.cfm?id=1699648.1699702},
 acmid = {1699702},
 publisher = {Association for Computational Linguistics},
 address = {Stroudsburg, PA, USA},
}
@inproceedings{Sagae06parsing,
 author = {Sagae, Kenji and Lavie, Alon},
 title = {Parser Combination by Reparsing},
 booktitle = {Proceedings of the Human Language Technology Conference of the NAACL, Companion Volume: Short Papers},
 year = {2006},
 location = {New York, New York},
 pages = {129--132},
 numpages = {4},
 url = {http://dl.acm.org/citation.cfm?id=1614049.1614082},
 acmid = {1614082},
 publisher = {Association for Computational Linguistics},
 address = {Stroudsburg, PA, USA},
} 
@inproceedings{Zeman05improving,
 author = {Zeman, Daniel and \v{Z}abokrtsk\'{y}, Zden\v{e}k},
 title = {Improving Parsing Accuracy by Combining Diverse Dependency Parsers},
 booktitle = {Proceedings of the Ninth International Workshop on Parsing Technology},
 series = {Parsing '05},
 year = {2005},
 location = {Vancouver, British Columbia, Canada},
 pages = {171--178},
 numpages = {8},
 url = {http://dl.acm.org/citation.cfm?id=1654494.1654512},
 acmid = {1654512},
 publisher = {Association for Computational Linguistics},
 address = {Stroudsburg, PA, USA},
}

% speech recognition
@incollection{Benesty08speech,
year={2008},
isbn={978-3-540-49125-5},
booktitle={Springer Handbook of Speech Processing},
editor={Benesty, Jacob and Sondhi, M.Mohan and Huang, Yiteng(Arden)},
doi={10.1007/978-3-540-49127-9_28},
title={Speech Recognition with Weighted Finite-State Transducers},
url={http://dx.doi.org/10.1007/978-3-540-49127-9_28},
publisher={Springer Berlin Heidelberg},
author={Mohri, Mehryar and Pereira, Fernando and Riley, Michael},
pages={559-584},
language={English}
}
@inproceedings{Petrov10products,
 author = {Petrov, Slav},
 title = {Products of Random Latent Variable Grammars},
 booktitle = {Human Language Technologies: The 2010 Annual Conference of the North American Chapter of the Association for Computational Linguistics},
 series = {HLT '10},
 year = {2010},
 isbn = {1-932432-65-5},
 location = {Los Angeles, California},
 pages = {19--27},
 numpages = {9},
 url = {http://dl.acm.org/citation.cfm?id=1857999.1858002},
 acmid = {1858002},
 publisher = {Association for Computational Linguistics},
 address = {Stroudsburg, PA, USA},
} 
@INPROCEEDINGS{Fiscus97a, 
author={Fiscus, J.G.}, 
booktitle={Proceedings of the 1997 IEEE Workshop on Automatic Speech Recognition and Understanding}, 
title={A post-processing system to yield reduced word error rates: Recognizer Output Voting Error Reduction (ROVER)}, 
year={1997}, 
month={Dec}, 
pages={347-354}, 
keywords={dynamic programming;error handling;fault tolerant computing;iterative methods;speech processing;speech recognition;National Institute of Standards and Technology;ROVER;acoustic model;automatic speech recognition;composite system output;dynamic programming alignments;independent knowledge sources;iterative applications;language model;minimal-cost word transition network;output modelling;output sequence selection;post-processing system;recognizer output voting error reduction;reduced word error rates;rescoring process;Automatic speech recognition;Benchmark testing;Conferences;Costs;Dynamic programming;Error analysis;NIST;Statistical analysis;System testing;Voting}, 
doi={10.1109/ASRU.1997.659110},}

% pct ensemble multilabel
@article{Kocev13tree,
title = "Tree ensembles for predicting structured outputs ",
journal = "Pattern Recognition ",
volume = "46",
number = "3",
pages = "817 - 833",
year = "2013",
note = "",
issn = "0031-3203",
doi = "http://dx.doi.org/10.1016/j.patcog.2012.09.023",
url = "http://www.sciencedirect.com/science/article/pii/S003132031200430X",
author = "Dragi Kocev and Celine Vens and Jan Struyf and Sašo Džeroski",
keywords = "Ensemble methods",
keywords = "Predictive clustering trees",
keywords = "Structured outputs",
keywords = "Multi-target regression",
keywords = "Multi-target classification",
keywords = "Hierarchical multi-label classification "
}

% structure boosting
@inproceedings{Wang07simple,
 author = {Wang, Qin Iris and Lin, Dekang and Schuurmans, Dale},
 title = {Simple Training of Dependency Parsers via Structured Boosting},
 booktitle = {Proceedings of the 20th International Joint Conference on Artifical Intelligence},
 series = {IJCAI'07},
 year = {2007},
 location = {Hyderabad, India},
 pages = {1756--1762},
 numpages = {7},
 url = {http://dl.acm.org/citation.cfm?id=1625275.1625560},
 acmid = {1625560},
 publisher = {Morgan Kaufmann Publishers Inc.},
 address = {San Francisco, CA, USA},
} 

% statistical comparison over multiple datasets
@article{Demsar06statistical,
 author = {Dem\v{s}ar, Janez},
 title = {Statistical Comparisons of Classifiers over Multiple Data Sets},
 journal = {Journal of Machine Learning Research},
 issue_date = {12/1/2006},
 volume = {7},
 month = dec,
 year = {2006},
 issn = {1532-4435},
 pages = {1--30},
 numpages = {30},
 url = {http://dl.acm.org/citation.cfm?id=1248547.1248548},
 acmid = {1248548},
 publisher = {JMLR.org},
} 

@article{Garcia08an,
 author = {Salvador García and Francisco Herrera},
 title = {An Extension on "Statistical Comparisons of Classifiers over Multiple Data Sets" for all Pairwise Comparisons},
 journal = {Journal of Machine Learning Research},
 issue_date = {12/9/2008},
 volume = {9},
 month = dec,
 year = {2008},
 pages = {2677--2694},
 numpages = {30},
 acmid = {1248548},
 publisher = {JMLR.org},
}



@article{Dunn61mulitple,
author = {Dunn, Olive   Jean},
title = {Multiple Comparisons among Means},
journal = {Journal of the American Statistical Association},
volume = {56},
number = {293},
pages = {52-64},
year = {1961},
}

@article{Nemenyi63distribution,
author = {P. B. Nemenyi},
title = {Distribution-free multiple comparisons},
journal = {PhD thesis, Princeton University},
year = {1963},
}



@article{Friedman37the,
     title = {The Use of Ranks to Avoid the Assumption of Normality Implicit in the Analysis of Variance},
     author = {Milton Friedman},
     journal = {Journal of the American Statistical Association},
     volume = {32},
     number = {200},
     pages = {pp. 675-701},
     ISSN = {01621459},
     language = {English},
     year = {1937},
     publisher = {American Statistical Association},
    }


@article{Friedman40Comparison,
    author = {Friedman, Milton},
    journal = {The Annals of Mathematical Statistics},
    keywords = {comparison, significance},
    number = {1},
    pages = {86--92},
    publisher = {Institute of Mathematical Statistics},
    title = {{A Comparison of Alternative Tests of Significance for the Problem of m Rankings}},
    volume = {11},
    year = {1940}
}

@article{Turkey49comparing,
    author = {John W. Tukey},
    journal = {Biometrics},
    pages = {99--114},
    publisher = {International Biometric Society},
    title = {Comparing Individual Means in the Analysis of Variance},
    volume = {5},
	number = {2},
    year = {1949}
}

@article{Fisher59statistical,
  address = {New York, N.Y.},
  author = {Fisher, Sir Ronald A.},
  publisher = {Hafner Press},
  title = {Statistical methods and scientific inference},
  year={1959}
}


% mtl
@article{Evgeniou07a,
 author = {Evgeniou, Theodoros and Pontil, Massimiliano and Toubia, Olivier},
 title = {A Convex Optimization Approach to Modeling Consumer Heterogeneity in Conjoint Estimation},
 journal = {Marketing Science},
 issue_date = {November 2007},
 volume = {26},
 number = {6},
 month = nov,
 year = {2007},
 issn = {1526-548X},
 pages = {805--818},
 numpages = {14},
 url = {http://dx.doi.org/10.1287/mksc.1070.0291},
 doi = {10.1287/mksc.1070.0291},
 acmid = {1528750},
 publisher = {INFORMS},
 address = {Institute for Operations Research and the Management Sciences (INFORMS), Linthicum, Maryland, USA},
 keywords = {Bayesian analysis, data mining, econometric models, estimation and other statistical techniques, hierarchical Bayes analysis, marketing research, regression and other statistical techniques},
} 
@INPROCEEDINGS{Argyriou07multitask,
title = {Multi-Task Feature Learning},
author = {Andreas Argyriou and Theodoros Evgeniou and Pontil, Massimiliano},
booktitle = {Advances in Neural Information Processing Systems 19},
editor = {B. Sch\"{o}lkopf and J.C. Platt and T. Hoffman},
pages = {41--48},
year = {2007},
publisher = {MIT Press},
url = {http://papers.nips.cc/paper/3143-multi-task-feature-learning.pdf}
}

@article{Argyriou08convex,
year={2008},
issn={0885-6125},
journal={Machine Learning},
volume={73},
number={3},
doi={10.1007/s10994-007-5040-8},
title={Convex multi-task feature learning},
url={http://dx.doi.org/10.1007/s10994-007-5040-8},
publisher={Springer US},
keywords={Collaborative filtering; Inductive transfer; Kernels; Multi-task learning; Regularization; Transfer learning; Vector-valued functions},
author={Argyriou, Andreas and Evgeniou, Theodoros and Pontil, Massimiliano},
pages={243-272},
language={English}
}


% task share feature assumption
@article{Baxter00a,
 author = {Baxter, Jonathan},
 title = {A Model of Inductive Bias Learning},
 journal = {Journal of Artificial Intelligence Research},
 issue_date = {February 2000},
 volume = {12},
 number = {1},
 month = mar,
 year = {2000},
 issn = {1076-9757},
 pages = {149--198},
 numpages = {50},
 url = {http://dl.acm.org/citation.cfm?id=1622248.1622254},
 acmid = {1622254},
 publisher = {AI Access Foundation},
 address = {USA},
} 
@article{Caruana97multitask,
 author = {Caruana, Rich},
 title = {Multitask Learning},
 journal = {Machine learning},
 issue_date = {July 1997},
 volume = {28},
 number = {1},
 month = jul,
 year = {1997},
 issn = {0885-6125},
 pages = {41--75},
 numpages = {35},
 url = {http://dx.doi.org/10.1023/A:1007379606734},
 doi = {10.1023/A:1007379606734},
 acmid = {262872},
 publisher = {Kluwer Academic Publishers},
 address = {Hingham, MA, USA},
 keywords = {backpropagation, generalization, inductive transfer, k-nearest neighbor, kernel regression, multitask learning, parallel transfer, supervised learning},
}
@incollection{BenDavide03exploiting,
year={2003},
isbn={978-3-540-40720-1},
booktitle={Learning Theory and Kernel Machines},
volume={2777},
editor={Schölkopf, Bernhard and Warmuth, ManfredK.},
doi={10.1007/978-3-540-45167-9_41},
title={Exploiting Task Relatedness for Multiple Task Learning},
url={http://dx.doi.org/10.1007/978-3-540-45167-9_41},
publisher={Springer Berlin Heidelberg},
author={Ben-David, Shai and Schuller, Reba},
pages={567-580},
language={English}
}
@inproceedings{Paredes12exploit,
  author = {Romera-Paredes, Bernardino and Argyriou, Andreas and Berthouze, Nadia and Pontil, Massimiliano},
  booktitle = {Proceedings of the 16th International Conference on Artificial Intelligence and Statistics (AISTATS 2012)},
  pages = {951-959},
  publisher = {JMLR.org},
  title = {Exploiting Unrelated Tasks in Multi-Task Learning.},
  url = {http://dblp.uni-trier.de/db/journals/jmlr/jmlrp22.html#Romera-ParedesABP12},
  volume = 22,
  year = 2012
}
@inproceedings{Argyriou08an,
 author = {Argyriou, Andreas and Maurer, Andreas and Pontil, Massimiliano},
 title = {An Algorithm for Transfer Learning in a Heterogeneous Environment},
 booktitle = {Proceedings of the 2008 European Conference on Machine Learning and Knowledge Discovery in Databases (ECML-PKDD 2008)},
 year = {2008},
 isbn = {978-3-540-87478-2},
 location = {Antwerp, Belgium},
 pages = {71--85},
 numpages = {15},
 publisher = {Springer-Verlag},
 address = {Berlin, Heidelberg},
}

@inproceedings{Jacob09cluster,
title = {Clustered Multi-Task Learning: A Convex Formulation},
author = {Laurent Jacob and Jean-philippe Vert and Francis R. Bach},
booktitle = {Advances in Neural Information Processing Systems 21},
editor = {D. Koller and D. Schuurmans and Y. Bengio and L. Bottou},
pages = {745--752},
year = {2009},
publisher = {Curran Associates, Inc.},
url = {http://papers.nips.cc/paper/3499-clustered-multi-task-learning-a-convex-formulation.pdf}
}



% np completness
@book{Garey90computers,
 author = {Garey, Michael R. and Johnson, David S.},
 title = {Computers and Intractability; A Guide to the Theory of NP-Completeness},
 year = {1990},
 isbn = {0716710455},
 publisher = {W. H. Freeman \& Co.},
 address = {New York, NY, USA},
} 

% convex optimization
@book{Boyd2004convex,
 author = {Stephen Boyd and Lieven Vandenberghe},
 title = {Convex Optimization},
 year = {2004},
 isbn = {9780521833783},
 publisher = {Cambridge Univeristy Press},
 address = {Cambridge, UK},
}

% solve iqp
@article{Geomans1995improved,
	Author = {M.X. Goemans and D.P. Williamson},
	Journal = {Journal of the {ACM}},
	Number = {6},
	Pages = {1115 - 1145},
	Title = {Improved approximation algorithms for maximum cut and satisfiability problems using semidefinite programming},
	Volume = {42},
	Year = {1995}
}


% linear threshould
@inproceedings{Kempe03maximizing,
 author = {Kempe, David and Kleinberg, Jon and Tardos, \'{E}va},
 title = {Maximizing the Spread of Influence Through a Social Network},
 booktitle = {Proceedings of the Ninth ACM SIGKDD International Conference on Knowledge Discovery and Data Mining},
 series = {KDD '03},
 year = {2003},
 isbn = {1-58113-737-0},
 location = {Washington, D.C.},
 pages = {137--146},
 numpages = {10},
 url = {http://doi.acm.org/10.1145/956750.956769},
 doi = {10.1145/956750.956769},
 acmid = {956769},
 publisher = {ACM},
 address = {New York, NY, USA},
 keywords = {approximation algorithms, diffusion of innovations, social networks, viral marketing},
}

% two stage influence
@inproceedings{Du14influence,
 author = {Nan Du and Yingyu Liang and Maria-Florina Balcan and Le Song},
 title = {Influence Function Learning in Information Diffusion Networks},
 booktitle = {Proceedings of the 31th International Conference on Machine Learning (ICML 2004)},
 year = {2014},
 pages = {823-830},
 publisher = {JMLR.org},
}

% without timestamp
@inproceedings{Amin14learning,
 author = {Kareem Amin and Hoda Heidari and Michael Kearns},
 title = {Learning from Contagion (Without Timestamps)},
 booktitle = {Proceedings of the 31th International Conference on Machine Learning (ICML 2004)},
 year = {2014},
 pages = {823-830},
 publisher = {JMLR.org},
}

% kernel cascade
@inproceedings{Du12learning,
title = {Learning Networks of Heterogeneous Influence},
author = {Du, Nan and Song, Le and Ming Yuan and Alex J. Smola},
booktitle = {Advances in Neural Information Processing Systems 25},
editor = {F. Pereira and C.J.C. Burges and L. Bottou and K.Q. Weinberger},
pages = {2780--2788},
year = {2012},
publisher = {Curran Associates, Inc.},
url = {http://papers.nips.cc/paper/4582-learning-networks-of-heterogeneous-influence.pdf}
}


% netinf
@inproceedings{GomezRodriguez10inferring,
 author = {Gomez Rodriguez, Manuel and Leskovec, Jure and Krause, Andreas},
 title = {Inferring Networks of Diffusion and Influence},
 booktitle = {Proceedings of the 16th ACM SIGKDD International Conference on Knowledge Discovery and Data Mining},
 series = {KDD '10},
 year = {2010},
 isbn = {978-1-4503-0055-1},
 location = {Washington, DC, USA},
 pages = {1019--1028},
 numpages = {10},
 url = {http://doi.acm.org/10.1145/1835804.1835933},
 doi = {10.1145/1835804.1835933},
 acmid = {1835933},
 publisher = {ACM},
 address = {New York, NY, USA},
 keywords = {blogs, information cascades, meme-tracking, networks of diffusion, news media, social networks},
}

% netrate
@inproceedings{Rodrigues11unconvering, 
    Publisher = {ACM}, 
    Author = {Manuel G. Rodriguez and David Balduzzi and Bernhard Schölkopf}, 
    Booktitle = {Proceedings of the 28th International Conference on Machine Learning (ICML 2011)}, 
    Title = {Uncovering the Temporal Dynamics of Diffusion Networks }, 
    Year = {2011}, 
    Pages = {561--568} 
   }


% general framework
@inproceedings{Daneshmand14estimating,
 author = {Hadi Daneshmand and Manuel Gomez-Rodriguez and Le Song and Bernhard Schoelkopf},
 title = {Estimating Diffusion Network Structures: Recovery Conditions, Sample Complexity and Soft-thresholding Algorithm},
 booktitle = {Proceedings of the 31th International Conference on Machine Learning (ICML 2004)},
 year = {2014},
 pages = {823-830},
 publisher = {JMLR.org},
}


% background diffusion
% technology innovation
@book{Rogers03the,
    author = {Everett M. Rogers},
    edition = {5th ed. 2003},
    publisher = {The Free Press},
    title = {Diffusion of Innovations},
    year = {2003}
}
@article{Strang98diffusion,
    author = {Strang, David and Soule, Sarah A.},
    journal = {Annual Review of Sociology},
    keywords = {diffusion},
    number = {1},
    pages = {265--290},
    title = {{Diffusion in Organizations and Social Movements: From Hybrid Corn to Poison Pills}},
    volume = {24},
    year = {1998}
}
% virul market
@inproceedings{Domingos01mining,
 author = {Domingos, Pedro and Richardson, Matt},
 title = {Mining the Network Value of Customers},
 booktitle = {Proceedings of the Seventh ACM SIGKDD International Conference on Knowledge Discovery and Data Mining},
 series = {KDD '01},
 year = {2001},
 isbn = {1-58113-391-X},
 location = {San Francisco, California},
 pages = {57--66},
 numpages = {10},
 url = {http://doi.acm.org/10.1145/502512.502525},
 doi = {10.1145/502512.502525},
 acmid = {502525},
 publisher = {ACM},
 address = {New York, NY, USA},
 keywords = {Markov random fields, collaborative filtering, dependency networks, direct marketing, social networks, viral marketing},
}
@inproceedings{Liben-Nowell03the,
 author = {Liben-Nowell, David and Kleinberg, Jon},
 title = {The Link Prediction Problem for Social Networks},
 booktitle = {Proceedings of the Twelfth International Conference on Information and Knowledge Management},
 series = {CIKM '03},
 year = {2003},
 isbn = {1-58113-723-0},
 location = {New Orleans, LA, USA},
 pages = {556--559},
 numpages = {4},
 url = {http://doi.acm.org/10.1145/956863.956972},
 doi = {10.1145/956863.956972},
 acmid = {956972},
 publisher = {ACM},
 address = {New York, NY, USA},
 keywords = {link analysis, link prediction, social networks},
} 

% optinion formation
@inproceedings{Adar05tracking,
 author = {Adar, Eytan and Adamic, Lada A.},
 title = {Tracking Information Epidemics in Blogspace},
 booktitle = {Proceedings of the 2005 IEEE/WIC/ACM International Conference on Web Intelligence},
 series = {WI '05},
 year = {2005},
 isbn = {0-7695-2415-X},
 pages = {207--214},
 numpages = {8},
 url = {http://dx.doi.org/10.1109/WI.2005.151},
 doi = {10.1109/WI.2005.151},
 acmid = {1092473},
 publisher = {IEEE Computer Society},
 address = {Washington, DC, USA},
} 
@inproceedings{Adar04implicit,
  added-at = {2011-08-02T10:41:24.000+0200},
  author = {Adar, E. and Zhang, L. and Adamic, L.A. and Lukose, R.M.},
  biburl = {http://www.bibsonomy.org/bibtex/2e685b3924dd9ae8ba5342033b3868592/folke},
  booktitle = {Workshop on the Weblogging Ecosystem},
  interhash = {21f4b67a233a6772803f124af3ad9b9a},
  intrahash = {e685b3924dd9ae8ba5342033b3868592},
  keywords = {analysis blogspace evidence implicit network},
  number = 1,
  timestamp = {2011-08-02T10:41:24.000+0200},
  title = {Implicit structure and the dynamics of blogspace},
  url = {http://scholar.google.com/scholar.bib?q=info:Zc-tBekepfgJ:scholar.google.com/&output=citation&hl=en&as_sdt=0,5&as_vis=1&ct=citation&cd=0},
  volume = 13,
  year = 2004
}
@inproceedings{Gruhl04information,
 author = {Gruhl, Daniel and Guha, R. and Liben-Nowell, David and Tomkins, Andrew},
 title = {Information Diffusion Through Blogspace},
 booktitle = {Proceedings of the 13th International Conference on World Wide Web (WWW 2004)},
 year = {2004},
 isbn = {1-58113-844-X},
 location = {New York, NY, USA},
 pages = {491--501},
 numpages = {11},
 url = {http://doi.acm.org/10.1145/988672.988739},
 doi = {10.1145/988672.988739},
 acmid = {988739},
 publisher = {ACM},
 address = {New York, NY, USA},
 keywords = {blogs, information propagation, memes, topic characterization, topic structure, viral propagation, viruses},
}
@inproceedings{Leskovec09meme,
 author = {Leskovec, Jure and Backstrom, Lars and Kleinberg, Jon},
 title = {Meme-tracking and the Dynamics of the News Cycle},
 booktitle = {Proceedings of the 15th ACM SIGKDD International Conference on Knowledge Discovery and Data Mining},
 series = {KDD '09},
 year = {2009},
 isbn = {978-1-60558-495-9},
 location = {Paris, France},
 pages = {497--506},
 numpages = {10},
 url = {http://doi.acm.org/10.1145/1557019.1557077},
 doi = {10.1145/1557019.1557077},
 acmid = {1557077},
 publisher = {ACM},
 address = {New York, NY, USA},
 keywords = {blogs, information cascades, information networks, meme-tracking, news cycle, news media, social networks},
}
@inproceedings{Leskovec07cascading,
  added-at = {2008-04-07T20:11:09.000+0200},
  author = {Leskovec, Jure and McGlohon, Mary and Faloutsos, Christos and Glance, Natalie and Hurst, Matthew},
  biburl = {http://www.bibsonomy.org/bibtex/206f036c9ad64fa3cc872cb0e6ad8667e/mmcgloho},
  booktitle = {Society of Applied and Industrial Mathematics: Data Mining (SDM07)},
  interhash = {2007670d71a3a54070e9d49d6c5e085d},
  intrahash = {06f036c9ad64fa3cc872cb0e6ad8667e},
  keywords = {imported},
  location = {Minneapolis, Minn.},
  timestamp = {2008-04-07T20:11:09.000+0200},
  title = {Cascading Behavior in Large Blog Graphs: Patterns and a Model},
  year = 2007
}
@article{Nowell08tracing,
  added-at = {2008-10-09T10:32:56.000+0200},
  author = {Liben-Nowell, David and Kleinberg, Jon},
  biburl = {http://www.bibsonomy.org/bibtex/250b9b1ca1849fa9cb8bb92d6d9031436/mkroell},
  doi = {10.1073/pnas.0708471105},
  eprint = {http://www.pnas.org/content/105/12/4633.full.pdf+html},
  interhash = {2a82083b4e8352fa478ac80c23535edc},
  intrahash = {50b9b1ca1849fa9cb8bb92d6d9031436},
  journal = {Proceedings of the National Academy of Sciences},
  keywords = {SNA graph networks},
  number = 12,
  pages = {4633-4638},
  timestamp = {2008-10-09T10:32:56.000+0200},
  title = {{Tracing information flow on a global scale using Internet chain-letter data}},
  url = {http://www.pnas.org/content/105/12/4633.abstract},
  volume = 105,
  year = 2008
}
% disease
@book{Anderson02infectious,
    author = {Anderson, R. M. AND May, R. M.},
    publisher = {Oxford Press},
    title = {Infectious Diseases of Humans: Dynamics and Control},
    year = {2002}
}
@ARTICLE{Hethcote00the,
    author = {Herbert W. Hethcote},
    title = {The mathematics of infectious diseases},
    journal = {SIAM Review},
    year = {2000},
    volume = {42},
    pages = {599--653}
}
% network with known structure:probability
@inproceedings{Goyal10learning,
 author = {Goyal, Amit and Bonchi, Francesco and Lakshmanan, Laks V.S.},
 title = {Learning Influence Probabilities in Social Networks},
 booktitle = {Proceedings of the Third ACM International Conference on Web Search and Data Mining},
 series = {WSDM '10},
 year = {2010},
 isbn = {978-1-60558-889-6},
 location = {New York, New York, USA},
 pages = {241--250},
 numpages = {10},
 url = {http://doi.acm.org/10.1145/1718487.1718518},
 doi = {10.1145/1718487.1718518},
 acmid = {1718518},
 publisher = {ACM},
 address = {New York, NY, USA},
 keywords = {influence, social networks, viral marketing},
}
@incollection{Lovrek08prediction,
year={2008},
isbn={978-3-540-85566-8},
booktitle={Knowledge-Based Intelligent Information and Engineering Systems},
volume={5179},
editor={Lovrek, Ignac and Howlett, RobertJ. and Jain, LakhmiC.},
doi={10.1007/978-3-540-85567-5_9},
title={Prediction of Information Diffusion Probabilities for Independent Cascade Model},
url={http://dx.doi.org/10.1007/978-3-540-85567-5_9},
publisher={Springer Berlin Heidelberg},
author={Saito, Kazumi and Nakano, Ryohei and Kimura, Masahiro},
pages={67-75},
language={English}
}

% walk kernel
@INPROCEEDINGS{Kashima03marginalized,
    author = {Hisashi Kashima and Koji Tsuda and Akihiro Inokuchi},
    title = {Marginalized kernels between labeled graphs},
    booktitle = {Proceedings of the Twentieth International Conference on Machine Learning},
    year = {2003},
    pages = {321--328},
    publisher = {AAAI Press}
}
@article{Gartner03a,
 author = {G\"{a}rtner, Thomas},
 title = {A Survey of Kernels for Structured Data},
 journal = {SIGKDD Explor. Newsl.},
 issue_date = {July 2003},
 volume = {5},
 number = {1},
 month = jul,
 year = {2003},
 issn = {1931-0145},
 pages = {49--58},
 numpages = {10},
 url = {http://doi.acm.org/10.1145/959242.959248},
 doi = {10.1145/959242.959248},
 acmid = {959248},
 publisher = {ACM},
 address = {New York, NY, USA},
 keywords = {inductive logic programming, kernel methods, multi-relational data mining, structured data},
}
@article{Vishwanathan10graph,
 author = {Vishwanathan, S. V. N. and Schraudolph, Nicol N. and Kondor, Risi and Borgwardt, Karsten M.},
 title = {Graph Kernels},
 journal = {Journal of Machine Learning Research},
 issue_date = {3/1/2010},
 volume = {11},
 month = aug,
 year = {2010},
 issn = {1532-4435},
 pages = {1201--1242},
 numpages = {42},
 url = {http://dl.acm.org/citation.cfm?id=1756006.1859891},
 acmid = {1859891},
 publisher = {JMLR.org},
} 
% weighted decomposition kernel
@inproceedings{Menchetti05weighted,
 author = {Menchetti, Sauro and Costa, Fabrizio and Frasconi, Paolo},
 title = {Weighted Decomposition Kernels},
 booktitle = {Proceedings of the 22th International Conference on Machine Learning (ICML 2005)},
 year = {2005},
 pages = {585--592},
 publisher = {ACM},
}


@article{Ceroni08classification,
  added-at = {2008-01-11T00:00:00.000+0100},
  author = {Ceroni, Alessio and Costa, Fabrizio and Frasconi, Paolo},
  biburl = {http://www.bibsonomy.org/bibtex/2ea0f89b1420065d24df3c3f53fe986a9/dblp},
  date = {2008-01-11},
  description = {dblp},
  ee = {http://dx.doi.org/10.1093/bioinformatics/btm298},
  interhash = {99bfa7686dccd522c316352c503c2ba4},
  intrahash = {ea0f89b1420065d24df3c3f53fe986a9},
  journal = {Bioinformatics},
  keywords = {dblp},
  number = 16,
  pages = {2038-2045},
  timestamp = {2008-01-11T00:00:00.000+0100},
  title = {Classification of small molecules by two- and three-dimensional decomposition kernels.},
  url = {http://dblp.uni-trier.de/db/journals/bioinformatics/bioinformatics23.html#CeroniCF07},
  volume = 23,
  year = 2007
}
% difussion kernel
@inproceedings{Kondor02diffusion,
 author = {Kondor, Risi Imre and Lafferty, John D.},
 title = {Diffusion Kernels on Graphs and Other Discrete Input Spaces},
 booktitle = {Proceedings of the 9th International Conference on Machine Learning (ICML 2002)},
 year = {2002},
 pages = {315--322},
 publisher = {Morgan Kaufmann Publishers Inc.},
} 

% drug discovery machine learning
@article{Burbidg01drug,
title = "Drug design by machine learning: support vector machines for pharmaceutical data analysis",
journal = "Computers and Chemistry ",
volume = "26",
number = "1",
pages = "5 - 14",
year = "2001",
note = "",
issn = "0097-8485",
doi = "http://dx.doi.org/10.1016/S0097-8485(01)00094-8",
url = "http://www.sciencedirect.com/science/article/pii/S0097848501000948",
author = "R. Burbidge and M. Trotter and B. Buxton and S. Holden",
keywords = "Machine learning",
keywords = "Support vector machines",
keywords = "Model selection",
keywords = "Structure–activity relationship analysis",
keywords = "Cheminformatics "
}

% drug inductive programming
@article{King96structure,
author = {King, R D and Muggleton, S H and Srinivasan, A and Sternberg, M J}, 
title = {Structure-activity relationships derived by machine learning: the use of atoms and their bond connectivities to predict mutagenicity by inductive logic programming},
volume = {93}, 
number = {1}, 
pages = {438-442}, 
year = {1996}, 
URL = {http://www.pnas.org/content/93/1/438.abstract}, 
eprint = {http://www.pnas.org/content/93/1/438.full.pdf+html}, 
journal = {Proceedings of the National Academy of Sciences} 
}

% drug discovery artifical neural network
@article{Bernazzani06predicting,
  title = {Predicting Physical-Chemical Properties of Compounds from Molecular Structures by Recursive Neural Networks},
  author = {Bernazzani, L. and Duce, C. and Micheli, A. and Mollica, V. and Sperduti, A. and Starita, A. and Tine, M.R.},
  journal = {Journal of Chemical Information and Modeling},
  year = {2006},
  volume = {46},
  pages = {2030--2042},
}

% drug discovery , kernel method
@article{Ralaivola05graph,
  author = {Ralaivola, L. and Swamidass, S. and Saigo, H. and Baldi, P.},
  title = {Graph kernels for chemical informatics},
  journal = {Neural Networks},
  year = {2005},
  volume = {18},
  pages = {1093--1110},
}
@article{Swamidass05kernel,
  author = {Swamidass, S.J. and Chen, J. and Bruand, J. and Phung, P. and Ralaivola, L. and Baldi, P.},
  title = {Kernels for small molecules and the prediction of mutagenicity, toxicity and anti-cancer activity},
  journal = {Bioinformatics},
  year = {2005},
  volume = {21},
  pages = {359--368},
}
@article{Trotter01drug,
  author = {Trotter, M. and Buxton, M. and Holden, S.},
  title = {Drug design by machine learning: support vector machines for pharmaceutical data analysis},
  journal = {Journal of Computational Chemistry.},
  year = {2001},
  volume = {26},
  pages = {1--20},
}
@article{Ceroni07classification,
  title = {Classification of small molecules by two- and three-dimensional decomposition kernels},
  author = {Ceroni, A. and Costa, F. and Frasconi, P.},
  journal = {Bioinformatics},
  year = {2007},
  volume = {23},
  pages = {2038--2045},
}
% drug discovery, svm
@article{Byvatov03comparison,
  author = {Byvatov, E. and Fechner, U. and Sadowski, J. and Schneider, G.},
  title = {Comparison of Support Vector Machine and Artificial Neural Network Systems for Drug/Nondrug Classification},
  journal = {Journal of Chemical Information and Computer Science},
  year = {2003},
  volume = {43},
  pages = {1882--1889},
}
@article{Xue04effect,
  title = {Effect of Molecular Descriptor Feature Selection in Support Vector Machine Classification of Pharmacokinetic and Toxicological Properties of Chemical Agents},
  author = {Xue, Y. and Li, Z. and Yap, C. and Sun, L. and Chen, X. and Chen, Y.},
  journal = {Journal of Chemical Information and Computer Science},
  year = {2004},
  volume = {44},
  pages = {1630--1638},
}

% drug nci 60

@article{Shoemaker06the,
	title = {The {NCI}60 human tumour cell line anticancer drug screen},
	volume = {6},
	issn = {1474-175X},
	url = {http://dx.doi.org.ezp-prod1.hul.harvard.edu/10.1038/nrc1951},
	doi = {10.1038/nrc1951},
	number = {10},
	urldate = {2010-08-29TZ},
	journal = {Nat Rev Cancer},
	author = {Shoemaker, Robert H.},
	month = oct,
	year = {2006},
	pages = {813--823}
}

% mmcrf optimization, gradient
@Book{Bertsekas95nonlinear,
  author =	 {D.~P.~Bertsekas},
  title =	 {Nonlinear Programming},
  publisher =	 {Athena Scientific},
  address =	 {Belmont, MA},
  year =	 {1995}
}

% max marginal 
@article{Wainwright05map,
	Author = {Wainwright, M.J. and Jaakkola, T.S. and Willsky, A.S.},
	Journal = {IEEE Transactions on Information Theory},
	Number = {11},
	Pages = {3697--3717},
	Title = {MAP estimation via agreement on trees: message-passing and linear programming},
	Volume = {51},
	Year = {2005}}

% ensemble analysis single label
@incollection{Brown10good,
  title={“Good” and “bad” diversity in majority vote ensembles},
  author={Brown, Gavin and Kuncheva, Ludmila I},
  booktitle={Multiple Classifier Systems},
  pages={124--133},
  year={2010},
  publisher={Springer}
}

% convolution kernel
@techreport{Haussler99convolution,
   author = "Paul Komarek and Andrew Moore",
   title = "Convolution Kernels on Discrete Structures",
   institution = "University of California at Santa Cruz",
   month = "July",
   year = "1999",
   number= "UCSC-CRL-99-10",
}

% semidefinite convex relaxation
@incollection{Jordan04semiefinite,
title = {Semidefinite Relaxations for Approximate Inference on Graphs with Cycles},
author = {Michael I. Jordan and Wainwright, Martin J},
booktitle = {Advances in Neural Information Processing Systems 16},
editor = {S. Thrun and L.K. Saul and B. Sch\"{o}lkopf},
pages = {369--376},
year = {2004},
publisher = {MIT Press},
url = {http://papers.nips.cc/paper/2438-semidefinite-relaxations-for-approximate-inference-on-graphs-with-cycles.pdf}
}


% approximate inferernce on special classes of graph
@incollection{Globerson07approximate,
title = {Approximate inference using planar graph decomposition},
author = {Amir Globerson and Tommi S. Jaakkola},
booktitle = {Advances in Neural Information Processing Systems 19},
editor = {B. Sch\"{o}lkopf and J.C. Platt and T. Hoffman},
pages = {473--480},
year = {2007},
publisher = {MIT Press},
url = {http://papers.nips.cc/paper/3046-approximate-inference-using-planar-graph-decomposition.pdf}
}


% learning bayesian structure np hard
@TechReport {Chickering94learning,
author       = {David M. Chickering and Dan Geiger and David Heckerman},
institution  = {Microsoft Research},
month        = {November},
number       = {MSR-TR-94-17},
pages        = {22},
title        = {Learning Bayesian Networks is NP-Hard},
url          = {http://research.microsoft.com/apps/pubs/default.aspx?id=69598},
year         = {1994},
}

% fingerprint
@article{Wang09pubchem,
author = {Wang, Yanli and Xiao, Jewen and Suzek, Tugba O. and Zhang, Jian and Wang, Jiyao and Bryant, Stephen H.}, 
title = {PubChem: a public information system for analyzing bioactivities of small molecules},
volume = {37}, 
number = {suppl 2}, 
pages = {W623-W633}, 
year = {2009}, 
doi = {10.1093/nar/gkp456}, 
URL = {http://nar.oxfordjournals.org/content/37/suppl_2/W623.abstract}, 
eprint = {http://nar.oxfordjournals.org/content/37/suppl_2/W623.full.pdf+html}, 
journal = {Nucleic Acids Research} 
}

% l1 norm transformation
@ARTICLE{Rakotomamonjy08simplemkl,
    author = {Alain Rakotomamonjy and and Francis Bach and Stéphane Canu and Yves Grandvalet},
    title = {impleMKL},
    journal = {Journal of Machine Learning Research 9},
    year = {2008}
}

% elastic net regularization
@ARTICLE{Zou05regularizationa,
    author = {Hui Zou and Trevor Hastie},
    title = {Regularization and variable selection via the Elastic Net},
    journal = {Journal of the Royal Statistical Society, Series B},
    year = {2005},
    volume = {67},
    pages = {301--320}
}


% empirical risk minimization
@incollection{Vapnik92principles,
title = {Principles of Risk Minimization for Learning Theory},
author = {Vladimir Vapnik},
booktitle = {Advances in Neural Information Processing Systems 4},
editor = {J.E. Moody and S.J. Hanson and R.P. Lippmann},
pages = {831--838},
year = {1992},
publisher = {Morgan-Kaufmann},
url = {http://papers.nips.cc/paper/506-principles-of-risk-minimization-for-learning-theory.pdf}
}

% lasso
@ARTICLE{Tibshirani94regression,
    author = {Robert Tibshirani},
    title = {Regression Shrinkage and Selection Via the Lasso},
    journal = {Journal of the Royal Statistical Society, Series B},
    year = {1994},
    volume = {58},
    pages = {267--288}
}

% ridge regression
@article{Hoerl00ridge,
 author = {Hoerl, Arthur E. and Kennard, Robert W.},
 title = {Ridge Regression: Biased Estimation for Nonorthogonal Problems},
 journal = {Technometrics},
 issue_date = {Feb. 2000},
 volume = {42},
 number = {1},
 month = feb,
 year = {2000},
 issn = {0040-1706},
 pages = {80--86},
 numpages = {7},
 url = {http://dx.doi.org/10.2307/1271436},
 doi = {10.2307/1271436},
 acmid = {338461},
 publisher = {American Society for Quality Control and American Statistical Association},
 address = {Alexandria, Va, USA},
} 


% multilabel KNN
@ARTICLE{Zhang07mlknn,
    author = {Minling Zhang and Zhihua Zhou},
    title = { Ml-knn: A lazy learning approach to multi-label learning},
    journal = {Pattern Recognition},
    year = {2007},
    volume = {40},
    pages = {2007}
}
@INPROCEEDINGS{Zhang05a, 
author={Minling Zhang and Zhihua Zhou}, 
booktitle={Proceedings of the 2005 IEEE International Conference on Granular Computing}, 
title={A k-nearest neighbor based algorithm for multi-label classification}, 
year={2005}, 
month={July}, 
volume={2}, 
pages={718-721 Vol. 2}, 
}

% binary relevant classifier
@ARTICLE{Tsoumakas07multi,
    author = {Grigorios Tsoumakas and Ioannis Katakis},
    title = {Multi-label classification: An overview},
    journal = {Int J Data Warehousing and Mining},
    year = {2007},
    volume = {2007},
    pages = {1--13}
}

% local and global consistency

@incollection{Zhou04learning,
	Author = {Zhou, Dengyong and Olivier Bousquet and Thomas N. Lal and Weston, Jason and Sch\"{o}lkopf, Bernhard},
	Booktitle = {Advances in Neural Information Processing Systems 16},
	Editor = {S. Thrun and L.K. Saul and B. Sch\"{o}lkopf},
	Pages = {321--328},
	Publisher = {MIT Press},
	Title = {Learning with Local and Global Consistency},
	Year = {2004}}


% instance based logistic regression
@article{Cheng09combining,
year={2009},
issn={0885-6125},
journal={Machine Learning},
volume={76},
number={2-3},
doi={10.1007/s10994-009-5127-5},
title={Combining instance-based learning and logistic regression for multilabel classification},
url={http://dx.doi.org/10.1007/s10994-009-5127-5},
publisher={Springer US},
keywords={Multilabel classification; Instance-based learning; Nearest neighbor classification; Logistic regression; Bayesian inference},
author={Cheng, Weiwei and Hüllermeier, Eyke},
pages={211-225},
language={English}
}


% instance based learning approach
@article{Aha91instance,
year={1991},
issn={0885-6125},
journal={Machine Learning},
volume={6},
number={1},
doi={10.1007/BF00153759},
title={Instance-based learning algorithms},
url={http://dx.doi.org/10.1007/BF00153759},
publisher={Kluwer Academic Publishers},
keywords={Supervised concept learning; instance-based concept descriptions; incremental learning; learning theory; noise; similarity},
author={Aha, DavidW. and Kibler, Dennis and Albert, MarcK.},
pages={37-66},
language={English}
}

% collective classification
@inproceedings{Ghamrawi05collective,
 author = {Ghamrawi, Nadia and McCallum, Andrew},
 title = {Collective Multi-label Classification},
 booktitle = {Proceedings of the 14th ACM International Conference on Information and Knowledge Management},
 series = {CIKM '05},
 year = {2005},
 isbn = {1-59593-140-6},
 location = {Bremen, Germany},
 pages = {195--200},
 numpages = {6},
 url = {http://doi.acm.org/10.1145/1099554.1099591},
 doi = {10.1145/1099554.1099591},
 acmid = {1099591},
 publisher = {ACM},
 address = {New York, NY, USA},
 keywords = {classification, machine learning, multi-label, statistical learning, uncertainty},
}

% link based classification
@incollection{Getoor05link,
year={2005},
isbn={978-1-85233-989-0},
booktitle={Advanced Methods for Knowledge Discovery from Complex Data},
series={Advanced Information and Knowledge Processing},
doi={10.1007/1-84628-284-5_7},
title={Link-based Classification},
url={http://dx.doi.org/10.1007/1-84628-284-5_7},
publisher={Springer London},
author={Getoor, Lise},
pages={189-207},
language={English}
}



% statistical relational learning
@book{Getoor07introduction,
    author = {Lise Getoor and Ben Taskar},
    day = {01},
    publisher = {the MIT Press},
    title = {Introduction to Statistical Relational Learning},
    year = {2007}
}

% multilabel survey
@incollection{Tsoumakas10mining,
year={2010},
isbn={978-0-387-09822-7},
booktitle={Data Mining and Knowledge Discovery Handbook},
editor={Maimon, Oded and Rokach, Lior},
doi={10.1007/978-0-387-09823-4_34},
title={Mining Multi-label Data},
url={http://dx.doi.org/10.1007/978-0-387-09823-4_34},
publisher={Springer US},
author={Tsoumakas, Grigorios and Katakis, Ioannis and Vlahavas, Ioannis},
pages={667-685},
language={English}
}


% corrlog
@ARTICLE{Bian12corrlog,
AUTHOR = "Wei Bian and Bo Xie and Dacheng Tao",
TITLE = "CorrLog: Correlated Logistic Models for Joint Prediction of Multiple Labels",
JOURNAL = "Journal of Machine Learning Research - Proceedings Track",
PAGES = {109-117},
YEAR = {2012},
  }

% classifier chains
@incollection{Read09classifier,
year={2009},
isbn={978-3-642-04173-0},
booktitle={Machine Learning and Knowledge Discovery in Databases},
volume={5782},
editor={Buntine, Wray and Grobelnik, Marko and Mladenić, Dunja and Shawe-Taylor, John},
doi={10.1007/978-3-642-04174-7_17},
title={Classifier Chains for Multi-label Classification},
url={http://dx.doi.org/10.1007/978-3-642-04174-7_17},
publisher={Springer Berlin Heidelberg},
author={Read, Jesse and Pfahringer, Bernhard and Holmes, Geoff and Frank, Eibe},
pages={254-269},
language={English}
}
@article{Read11classifier,
 author = {Read, Jesse and Pfahringer, Bernhard and Holmes, Geoff and Frank, Eibe},
 title = {Classifier Chains for Multi-label Classification},
 journal = {Machine Learning},
 issue_date = {December  2011},
 volume = {85},
 number = {3},
 month = dec,
 year = {2011},
 issn = {0885-6125},
 pages = {333--359},
 numpages = {27},
 url = {http://dx.doi.org/10.1007/s10994-011-5256-5},
 doi = {10.1007/s10994-011-5256-5},
 acmid = {2070629},
 publisher = {Kluwer Academic Publishers},
 address = {Hingham, MA, USA},
 keywords = {Ensemble methods, Multi-label classification, Problem transformation, Scalable methods},
} 
@inproceedings{Dembczynski10bayes,
  author = {Dembczynski, Krzysztof and Cheng, Weiwei and Hüllermeier, Eyke},
  booktitle = {Proceedings of the 27th International Conference on Machine Learning (ICML 2010)},
  pages = {279-286},
  publisher = {JMLR.org},
  title = {Bayes Optimal Multilabel Classification via Probabilistic Classifier Chains},
  year = {2010}
}



% knn ranking
@inproceedings{Brinker07case,
 author = {Brinker, Klaus and H\"{u}llermeier, Eyke},
 title = {Case-based Multilabel Ranking},
 booktitle = {Proceedings of the 20th International Joint Conference on Artifical Intelligence (IJCAI 2007)},
 year = {2007},
 location = {Hyderabad, India},
 pages = {702--707},
 numpages = {6},
 url = {http://dl.acm.org/citation.cfm?id=1625275.1625388},
 acmid = {1625388},
 publisher = {Morgan Kaufmann Publishers Inc.},
 address = {San Francisco, CA, USA},
} 
@inproceedings{Chiang12a,
  added-at = {2013-11-25T00:00:00.000+0100},
  author = {Chiang, Tsung-Hsien and Lo, Hung-Yi and Lin, Shou-De},
  biburl = {http://www.bibsonomy.org/bibtex/2cc297ba9c80e67230b2bf80093ea1bc4/dblp},
  booktitle = {ACML},
  crossref = {conf/acml/2012},
  editor = {Hoi, Steven C. H. and Buntine, Wray L.},
  ee = {http://jmlr.csail.mit.edu/proceedings/papers/v25/chiang12.html},
  interhash = {30c4e1384bc6d99fdd7374b6c922c525},
  intrahash = {cc297ba9c80e67230b2bf80093ea1bc4},
  keywords = {dblp},
  pages = {81-96},
  publisher = {JMLR.org},
  series = {JMLR Proceedings},
  timestamp = {2013-11-25T00:00:00.000+0100},
  title = {A Ranking-based KNN Approach for Multi-Label Classification.},
  url = {http://dblp.uni-trier.de/db/journals/jmlr/jmlrp25.html#ChiangLL12},
  volume = 25,
  year = 2012
}


% knn with dependency
@article{Younes11a,
  added-at = {2011-04-19T00:00:00.000+0200},
  author = {Younes, Zoulficar and Abdallah, Fahed and Denoeux, Thierry and Snoussi, Hichem},
  biburl = {http://www.bibsonomy.org/bibtex/2765abed322751568146c95be4eaf8ae3/dblp},
  ee = {http://dx.doi.org/10.1155/2011/645964},
  interhash = {73e39d3751378a51510771d844a437aa},
  intrahash = {765abed322751568146c95be4eaf8ae3},
  journal = {EURASIP J. Adv. Sig. Proc.},
  keywords = {dblp},
  timestamp = {2011-04-19T00:00:00.000+0200},
  title = {A Dependent Multilabel Classification Method Derived from the k-Nearest Neighbor Rule.},
  url = {http://dblp.uni-trier.de/db/journals/ejasp/ejasp2011.html#YounesADS11},
  volume = 2011,
  year = 2011
}

% knn for flat multilabel
@INPROCEEDINGS{Kang06correlated, 
author={Feng Kang and Rong Jin and Sukthankar, R.}, 
booktitle={Proceedings of the 2006 IEEE Computer Society Conference on Computer Vision and Pattern Recognition}, 
title={Correlated Label Propagation with Application to Multi-label Learning}, 
year={2006}, 
month={}, 
volume={2}, 
pages={1719-1726}, 
keywords={Application software;Biomedical imaging;Computer Society;Computer vision;Frequency;Image analysis;Medical robotics;Robot vision systems;Testing;Training data}, 
doi={10.1109/CVPR.2006.90}, 
ISSN={1063-6919},}


% use output label as input feature
@incollection{Godbole04discriminative,
year={2004},
isbn={978-3-540-22064-0},
booktitle={Advances in Knowledge Discovery and Data Mining},
volume={3056},
editor={Dai, Honghua and Srikant, Ramakrishnan and Zhang, Chengqi},
doi={10.1007/978-3-540-24775-3_5},
title={Discriminative Methods for Multi-labeled Classification},
url={http://dx.doi.org/10.1007/978-3-540-24775-3_5},
publisher={Springer Berlin Heidelberg},
author={Godbole, Shantanu and Sarawagi, Sunita},
pages={22-30},
language={English}
}


% subspace boosting for flat multilabel
@inproceedings{Yan07model,
 author = {Yan, Rong and Tesic, Jelena and Smith, John R.},
 title = {Model-shared Subspace Boosting for Multi-label Classification},
 booktitle = {Proceedings of the 13th ACM SIGKDD International Conference on Knowledge Discovery and Data Mining},
 series = {KDD '07},
 year = {2007},
 isbn = {978-1-59593-609-7},
 location = {San Jose, California, USA},
 pages = {834--843},
 numpages = {10},
 url = {http://doi.acm.org/10.1145/1281192.1281281},
 doi = {10.1145/1281192.1281281},
 acmid = {1281281},
 publisher = {ACM},
 address = {New York, NY, USA},
 keywords = {multi-label classification, random subspace methods},
} 

% review flat multilabel classification
@ARTICLE{Zhang14a, 
author={Min-Ling Zhang and Zhi-Hua Zhou}, 
journal={IEEE Transactions on Knowledge and Data Engineering}, 
title={A Review on Multi-Label Learning Algorithms}, 
year={2014}, 
month={Aug}, 
volume={26}, 
number={8}, 
pages={1819-1837}, 
doi={10.1109/TKDE.2013.39}, 
ISSN={1041-4347},}


% multilabel ranking
@INPROCEEDINGS{Elisseeff01akernel,
title = {A kernel method for multi-labelled classification},
author = {Andr\'{e} Elisseeff and Weston, Jason},
booktitle = {Advances in Neural Information Processing Systems 14},
editor = {T.G. Dietterich and S. Becker and Z. Ghahramani},
pages = {681--687},
year = {2002},
publisher = {MIT Press},
url = {http://papers.nips.cc/paper/1964-a-kernel-method-for-multi-labelled-classification.pdf}
}

@article{Furnkranz08multilabel,
 author = {F\"{u}rnkranz, Johannes and H\"{u}llermeier, Eyke and Loza Menc\'{\i}a, Eneldo and Brinker, Klaus},
 title = {Multilabel Classification via Calibrated Label Ranking},
 journal = {Machine Learning},
 issue_date = {November  2008},
 volume = {73},
 number = {2},
 month = nov,
 year = {2008},
 issn = {0885-6125},
 pages = {133--153},
 numpages = {21},
 url = {http://dx.doi.org/10.1007/s10994-008-5064-8},
 doi = {10.1007/s10994-008-5064-8},
 acmid = {1416934},
 publisher = {Kluwer Academic Publishers},
 address = {Hingham, MA, USA},
 keywords = {Multi-label classification, Preference learning, Ranking},
}
@inproceedings{Brinker07case,
 author = {Brinker, Klaus and H\"{u}llermeier, Eyke},
 title = {Case-based Multilabel Ranking},
 booktitle = {Proceedings of the 20th International Joint Conference on Artifical Intelligence},
 series = {IJCAI'07},
 year = {2007},
 location = {Hyderabad, India},
 pages = {702--707},
 numpages = {6},
 url = {http://dl.acm.org/citation.cfm?id=1625275.1625388},
 acmid = {1625388},
 publisher = {Morgan Kaufmann Publishers Inc.},
 address = {San Francisco, CA, USA},
} 

% multilabel neural network
@ARTICLE{Zhang06multilabel, 
author={Min-Ling Zhang and Zhi-Hua Zhou}, 
journal={ IEEE Transactions on Knowledge and Data Engineering}, 
title={Multilabel Neural Networks with Applications to Functional Genomics and Text Categorization}, 
year={2006}, 
month={Oct}, 
volume={18}, 
number={10}, 
pages={1338-1351}, 
keywords={backpropagation;biology computing;genetics;text analysis;BP-MLL;backpropagation algorithm;functional genomics;multilabel neural network learning;text categorization;Backpropagation algorithms;Biochemistry;Bioinformatics;Data mining;Genomics;Government;Layout;Learning systems;Neural networks;Text categorization;Machine learning;backpropagation;data mining;functional genomics;multilabel learning;neural networks;text categorization.}, 
doi={10.1109/TKDE.2006.162}, 
ISSN={1041-4347},}
% flat multilabel perceptron online
@ARTICLE{Crammer03afamily,
    author = {Koby Crammer and Yoram Singer and Jaz K and Thomas Hofmann and Tomaso Poggio and John Shawe-taylor},
    title = {A Family of Additive Online Algorithms for Category Ranking},
    journal = {Journal of Machine Learning Research},
    year = {2003},
    volume = {3},
    pages = {2003}
}

% label power set
@incollection{Tsoumakas07random,
year={2007},
booktitle={Proceedings of the 2007 European Conference on Machine Learning and Knowledge Discovery in Databases (ECML-PKDD 2007)},
title={Random k-Labelsets: An Ensemble Method for Multilabel Classification},
publisher={Springer Berlin Heidelberg},
author={Tsoumakas, Grigorios and Vlahavas, Ioannis},
pages={406-417},
language={English}
}

% cancer review
@article{Dutt12classification,
 author = {Dutt, R.and Madan, A. K.},
 title = {Classification Models for Anticancer Activity},
 journal = {Machine Learning},
 volume = {12},
 number = {23/24},
 month = dec,
 year = {2012},
 pages = {2705},
 numpages = {21},
 publisher = {Current Topics in Medicinal Chemistry},
 address = {Hingham, MA, USA},
 keywords = {Multi-label classification, Preference learning, Ranking},
}

% learning theory
@book{Vapnik98statistical,
  title={Statistical Learning Theory},
  author={Vladimir N. Vapnik},
  year={1998},
  publisher={Wiley-Interscience}
}

@article{Vapnik99an,
 author = {Vapnik, V. N.},
 title = {An Overview of Statistical Learning Theory},
 journal = {IEEE Transactions on Neural Network},
 volume = {10},
 number = {5},
 month = sep,
 year = {1999},
 issn = {1045-9227},
 pages = {988--999},
 numpages = {12},
 url = {http://dx.doi.org/10.1109/72.788640},
 doi = {10.1109/72.788640},
 acmid = {2326464},
 publisher = {IEEE Press},
 address = {Piscataway, NJ, USA},
} 


% page ranking
@inproceedings{Richardson06beyond,
 author = {Richardson, Matthew and Prakash, Amit and Brill, Eric},
 title = {Beyond PageRank: Machine Learning for Static Ranking},
 booktitle = {Proceedings of the 15th International Conference on World Wide Web (WWW 2006)},
 year = {2006},
 isbn = {1-59593-323-9},
 location = {Edinburgh, Scotland},
 pages = {707--715},
 numpages = {9},
 url = {http://doi.acm.org/10.1145/1135777.1135881},
 doi = {10.1145/1135777.1135881},
 acmid = {1135881},
 publisher = {ACM},
 address = {New York, NY, USA},
 keywords = {PageRank, RankNet, relevance, search engines, static ranking},
} 

% recommander system
@article{Bell07lessons,
 author = {Bell, Robert M. and Koren, Yehuda},
 title = {Lessons from the Netflix Prize Challenge},
 journal = {SIGKDD Explor. Newsl.},
 issue_date = {December 2007},
 volume = {9},
 number = {2},
 month = dec,
 year = {2007},
 issn = {1931-0145},
 pages = {75--79},
 numpages = {5},
 url = {http://doi.acm.org/10.1145/1345448.1345465},
 doi = {10.1145/1345448.1345465},
 acmid = {1345465},
 publisher = {ACM},
 address = {New York, NY, USA},
} 

% deep learning vision
@article{Bengio09learning,
 author = {Bengio, Yoshua},
 title = {Learning Deep Architectures for AI},
 journal = {Foundation and Trends of Machine Learning},
 issue_date = {January 2009},
 volume = {2},
 number = {1},
 month = jan,
 year = {2009},
 issn = {1935-8237},
 pages = {1--127},
 numpages = {127},
 url = {http://dx.doi.org/10.1561/2200000006},
 doi = {10.1561/2200000006},
 acmid = {1658424},
 publisher = {Now Publishers Inc.},
 address = {Hanover, MA, USA},
}


% spam filter
@INPROCEEDINGS{Goodman06online,
AUTHOR = "Joshua Goodman and Wen-tau Yih",
TITLE = "Online Discriminative Spam Filter Training",
BOOKTITLE = "CEAS'06",
PAGES = {-1--1},
YEAR = {2006}, 
}

% big data
@article{Fan13mining,
 author = {Fan, Wei and Bifet, Albert},
 title = {Mining Big Data: Current Status, and Forecast to the Future},
 journal = {SIGKDD Explor. Newsl.},
 issue_date = {December 2012},
 volume = {14},
 number = {2},
 month = apr,
 year = {2013},
 issn = {1931-0145},
 pages = {1--5},
 numpages = {5},
 url = {http://doi.acm.org/10.1145/2481244.2481246},
 doi = {10.1145/2481244.2481246},
 acmid = {2481246},
 publisher = {ACM},
 address = {New York, NY, USA},
} 

% regularization
@article{Evgeniou02regularization,
 author = {Evgeniou, Theodoros and Poggio, Tomaso and Pontil, Massimiliano and Verri, Alessandro},
 title = {Regularization and Statistical Learning Theory for Data Analysis},
 journal = {Comput. Stat. Data Anal.},
 issue_date = {28 February 2002},
 volume = {38},
 number = {4},
 month = feb,
 year = {2002},
 issn = {0167-9473},
 pages = {421--432},
 numpages = {12},
 url = {http://dx.doi.org/10.1016/S0167-9473(01)00069-X},
 doi = {10.1016/S0167-9473(01)00069-X},
 acmid = {635945},
 publisher = {Elsevier Science Publishers B. V.},
 address = {Amsterdam, The Netherlands, The Netherlands},
 keywords = {image analysis applications, regularization networks, regularization theory, statistical learning theory, support vector machine},
} 

@techreport{Evgeniou99a,
 author = {Evgeniou, Theodoros and Pontil, Massimiliano and Poggio, Tomaso},
 title = {A Unified Framework for Regularization Networks and Support Vector Machines},
 year = {1999},
 source = {http://www.ncstrl.org:8900/ncstrl/servlet/search?formname=detail\&id=oai%3Ancstrlh%3Amitai%3AMIT-AILab%2F%2FAIM-1654},
 publisher = {Massachusetts Institute of Technology},
 address = {Cambridge, MA, USA},
} 


% hierarchical classification
@article{Silla11a,
 author = {Silla,Jr., Carlos N. and Freitas, Alex A.},
 title = {A Survey of Hierarchical Classification Across Different Application Domains},
 journal = {Data Min. Knowl. Discov.},
 issue_date = {January   2011},
 volume = {22},
 number = {1-2},
 month = jan,
 year = {2011},
 issn = {1384-5810},
 pages = {31--72},
 numpages = {42},
 url = {http://dx.doi.org/10.1007/s10618-010-0175-9},
 doi = {10.1007/s10618-010-0175-9},
 acmid = {1937884},
 publisher = {Kluwer Academic Publishers},
 address = {Hingham, MA, USA},
 keywords = {DAG-structured class hierarchies, Hierarchical classification, Tree-structured class hierarchies},
} 


% hierarchical classification tree
@INPROCEEDINGS{Sasaki98rule, 
author={Sasaki, M. and Kita, K.}, 
booktitle={Proceedings of the 1998 IEEE International Conference on Systems, Man, and Cybernetics}, 
title={Rule-based text categorization using hierarchical categories}, 
year={1998}, 
month={Oct}, 
volume={3}, 
pages={2827-2830 vol.3}, 
}
@article{Hao07hierarchicaly,
 author = {Hao, Pei-Yi and Chiang, Jung-Hsien and Tu, Yi-Kun},
 title = {Hierarchically SVM Classification Based on Support Vector Clustering Method and Its Application to Document Categorization},
 journal = {Expert Syst. Appl.},
 issue_date = {October, 2007},
 volume = {33},
 number = {3},
 month = oct,
 year = {2007},
 issn = {0957-4174},
 pages = {627--635},
 numpages = {9},
 url = {http://dx.doi.org/10.1016/j.eswa.2006.06.009},
 doi = {10.1016/j.eswa.2006.06.009},
 acmid = {1230212},
 publisher = {Pergamon Press, Inc.},
 address = {Tarrytown, NY, USA},
 keywords = {Document categorization, Hierarchical classification, Information retrieval, Machine learning, Support vector clustering method, Support vector machines},
} 

@article{Li07hierarchical,
 author = {Li, Tao and Zhu, Shenghuo and Ogihara, Mitsunori},
 title = {Hierarchical Document Classification Using Automatically Generated Hierarchy},
 journal = {J. Intell. Inf. Syst.},
 issue_date = {October   2007},
 volume = {29},
 number = {2},
 month = oct,
 year = {2007},
 issn = {0925-9902},
 pages = {211--230},
 numpages = {20},
 url = {http://dx.doi.org/10.1007/s10844-006-0019-7},
 doi = {10.1007/s10844-006-0019-7},
 acmid = {1290890},
 publisher = {Kluwer Academic Publishers},
 address = {Hingham, MA, USA},
 keywords = {document classification, hierarchy generation, linear discriminant projection, text categorization},
} 
%
@article{Barutcuoglu06hierarchical,
 author = {Barutcuoglu, Zafer and Schapire, Robert E. and Troyanskaya, Olga G.},
 title = {Hierarchical Multi-label Prediction of Gene Function},
 journal = {Bioinformatics},
 issue_date = {April 2006},
 volume = {22},
 number = {7},
 month = apr,
 year = {2006},
 issn = {1367-4803},
 pages = {830--836},
 numpages = {7},
 url = {http://dx.doi.org/10.1093/bioinformatics/btk048},
 doi = {10.1093/bioinformatics/btk048},
 acmid = {1181742},
 publisher = {Oxford University Press},
 address = {Oxford, UK},
} 


% recent hierarchical model
@incollection{Gopal12bayesian, 
    Title = {Bayesian models for Large-scale Hierarchical Classification }, 
    Url = {http://books.nips.cc/papers/files/nips25/NIPS2012_1165.pdf}, 
    Booktitle = {Advances in Neural Information Processing Systems 25}, 
    Author = {Siddharth Gopal and Yiming Yang and Bing Bai and Alexandru Niculescu-mizil}, 
    Editor = {P. Bartlett and F.c.n. Pereira and C.j.c. Burges and L. Bottou and K.q. Weinberger}, 
    Year = {2012}, 
    Pages = {2420--2428} 
   }

@inproceedings{Dumais00Hierarchical,
 author = {Dumais, Susan and Chen, Hao},
 title = {Hierarchical Classification of Web Content},
 booktitle = {Proceedings of the 23rd Annual International ACM SIGIR Conference on Research and Development in Information Retrieval},
 series = {SIGIR '00},
 year = {2000},
 isbn = {1-58113-226-3},
 location = {Athens, Greece},
 pages = {256--263},
 numpages = {8},
 url = {http://doi.acm.org/10.1145/345508.345593},
 doi = {10.1145/345508.345593},
 acmid = {345593},
 publisher = {ACM},
 address = {New York, NY, USA},
 keywords = {Web hierarchies, classification, hierarchical models, machine learning, support vector machines, text catergorization, text classification},
} 

@article{Liu05support,
 author = {Liu, Tie-Yan and Yang, Yiming and Wan, Hao and Zeng, Hua-Jun and Chen, Zheng and Ma, Wei-Ying},
 title = {Support Vector Machines Classification with a Very Large-scale Taxonomy},
 journal = {SIGKDD Explor. Newsl.},
 issue_date = {June 2005},
 volume = {7},
 number = {1},
 month = jun,
 year = {2005},
 issn = {1931-0145},
 pages = {36--43},
 numpages = {8},
 url = {http://doi.acm.org/10.1145/1089815.1089821},
 doi = {10.1145/1089815.1089821},
 acmid = {1089821},
 publisher = {ACM},
 address = {New York, NY, USA},
 keywords = {empirical validation, performance and scalability analysis, technology assessment, text categorization, threshold tuning strategies and algorithm complexity, very large web taxonomies},
} 
@inproceedings{Koller97hierarchically,
 author = {Koller, Daphne and Sahami, Mehran},
 title = {Hierarchically Classifying Documents Using Very Few Words},
 booktitle = {Proceedings of the Fourteenth International Conference on Machine Learning},
 year = {1997},
 pages = {170--178},
 numpages = {9},
}
@inproceedings{DeCoro07bayesian,
  author = "Christopher DeCoro and Zafer Barutcuoglu and Rebecca Fiebrink",
  title = "Bayesian Aggregation for Hierarchical Genre Classification",
  booktitle = "International Symposium on Music Information Retrieval 2007",
  year = "2007",
  month = sep
}

% advance hierarchical classification
@inproceedings{Cai04hierarchical,
 author = {Cai, Lijuan and Hofmann, Thomas},
 title = {Hierarchical Document Categorization with Support Vector Machines},
 booktitle = {Proceedings of the Thirteenth ACM International Conference on Information and Knowledge Management},
 series = {CIKM '04},
 year = {2004},
 isbn = {1-58113-874-1},
 location = {Washington, D.C., USA},
 pages = {78--87},
 numpages = {10},
 url = {http://doi.acm.org/10.1145/1031171.1031186},
 doi = {10.1145/1031171.1031186},
 acmid = {1031186},
 publisher = {ACM},
 address = {New York, NY, USA},
 keywords = {SVM, class relationship, document categorization, hierarchical loss, subspace optimization, taxonomy},
}
@incollection{Cesabianchi05incremental,
title = {Incremental Algorithms for Hierarchical Classification},
author = {Nicol\`{o} Cesa-bianchi and Gentile, Claudio and Andrea Tironi and Luca Zaniboni},
booktitle = {Advances in Neural Information Processing Systems 17},
editor = {L.K. Saul and Y. Weiss and L. Bottou},
pages = {233--240},
year = {2005},
publisher = {MIT Press},
url = {http://papers.nips.cc/paper/2742-incremental-algorithms-for-hierarchical-classification.pdf}
}



% structured output human action recognition
@article{Wang11hidden,
author = {Yang Wang and Greg Mori},
title = {Hidden Part Models for Human Action Recognition: Probabilistic versus Max Margin},
journal ={IEEE Transactions on Pattern Analysis and Machine Intelligence},
volume = {33},
number = {7},
issn = {0162-8828},
year = {2011},
pages = {1310-1323},
doi = {http://doi.ieeecomputersociety.org/10.1109/TPAMI.2010.214},
publisher = {IEEE Computer Society},
address = {Los Alamitos, CA, USA},
}



% molecular classification





@article{Singh12qsar,
author = {Singh, Narender and Chaudhury, Sidhartha and Liu, Ruifeng and AbdulHameed, Mohamed Diwan M. and Tawa, Gregory and Wallqvist, Anders},
title = {QSAR Classification Model for Antibacterial Compounds and Its Use in Virtual Screening},
journal = {Journal of Chemical Information and Modeling},
volume = {52},
number = {10},
pages = {2559-2569},
year = {2012},
}




% lda
@article{Blei03latent,
 author = {Blei, David M. and Ng, Andrew Y. and Jordan, Michael I.},
 title = {Latent Dirichlet Allocation},
 journal = {Journal of Machine Learning Research},
 issue_date = {3/1/2003},
 volume = {3},
 month = mar,
 year = {2003},
 issn = {1532-4435},
 pages = {993--1022},
 numpages = {30},
 url = {http://dl.acm.org/citation.cfm?id=944919.944937},
 acmid = {944937},
 publisher = {JMLR.org},
} 

% message passing
@article{Wainwright08graphical,
 author = {Wainwright, Martin J. and Jordan, Michael I.},
 title = {Graphical Models, Exponential Families, and Variational Inference},
 journal = {Foundation and Trends in Machine Learning},
 issue_date = {January 2008},
 volume = {1},
 number = {1-2},
 month = jan,
 year = {2003},
 issn = {1935-8237},
 pages = {1--305},
 numpages = {305},
 url = {http://dx.doi.org/10.1561/2200000001},
 doi = {10.1561/2200000001},
 acmid = {1498841},
 publisher = {Now Publishers Inc.},
 address = {Hanover, MA, USA},
}

% svm application
@inproceedings{Golle08machine,
 author = {Golle, Philippe},
 title = {Machine Learning Attacks Against the Asirra CAPTCHA},
 booktitle = {Proceedings of the 15th ACM Conference on Computer and Communications Security},
 series = {CCS '08},
 year = {2008},
 isbn = {978-1-59593-810-7},
 location = {Alexandria, Virginia, USA},
 pages = {535--542},
 numpages = {8},
 url = {http://doi.acm.org/10.1145/1455770.1455838},
 doi = {10.1145/1455770.1455838},
 acmid = {1455838},
 publisher = {ACM},
 address = {New York, NY, USA},
 keywords = {captcha, classifier, machine learning, reverse turing test, support vector machine},
} 


@inproceedings{su11,
author={Su, Hongyu and Rousu, Juho},
title={Multi-task Drug Bioactivity Classification with Graph Labeling Ensembles},
booktitle = {Proceedings, 6th IAPR International Conference on Pattern Recognition in Bioinformatics (PRIB2011)},
pages = {157-167},
year = {2011},
eventdetails = {6th International Conference on Pattern Recognition in Bioinformatics, Delft, The Netherlands, November 2 - November 4, 2011},
flags = {ALGODAN HIIT public},
url = {http://link.springer.com/chapter/10.1007%2F978-3-642-24855-9_14},
responsibleauthor = {Su, Hongyu and Rousu, Juho},
unitcode = {T312-1, T306-99},
impactfactor = {A4},
juforank = {1},
language = {eng},
il = {no},
kay = {NA},
series = {Lecture Note in Computer Science},
volume = {7035},
country = {The Netherlands},
isbn = {978-3-642-24855-9}
}

@inproceedings{su12,
author={Su, Hongyu and Rousu, Juho},
title={Random Graph Ensembles in Multilabel Classification},
booktitle = {ICML 2012 Workshop, Object, Functional and Structured data: towards Next Generation Kernel-based Methods},
pages = {},
year = {2012},
eventdetails = {ICML 2012 Workshop, Object, Functional and Structured data: towards Next Generation Kernel-based Methods, Edinburgh, Scotland, June 26 - July 1, 2012},
flags = {ALGODAN HIIT public},
url = {https://sites.google.com/site/nextgenkernels/program},
responsibleauthor = {Su, Hongyu and Rousu, Juho},
unitcode = {T312-1, T306-99},
impactfactor = {},
juforank = {-},
language = {eng},
il = {no},
kay = {NA},
series = {},
volume = {},
country = {Scotland},
isbn = {}
}



@inproceedings{su14a,
author={Su, Hongyu and Gionis, Aristides and Rousu, Juho},
title={Structured Prediction of Network Response},
booktitle = {Proceedings, 31th International Conference on Machine Learning ICML2014},
pages = {442-450},
year = {2014},
eventdetails = {31th International Conference on Machine Learning, Beijing, China, June 21 - June 26, 2014},
flags = {ALGODAN HIIT TRITON public},
url = {},
responsibleauthor = {Su, Hongyu and Gionis, Aristides and Rousu, Juho},
unitcode = {T312-1, T306-99},
impactfactor = {A4},
juforank = {2},
language = {eng},
il = {no},
kay = {NA},
series = {Journal of Machine Learning Research W&CP},
volume = {32},
country = {China},
isbn = {}
}

@article{su14b,
author={Su, Hongyu and Rousu, Juho},
title={Multilabel Classification through Random Graph Ensembles.},
journal={Machine Learning},
year = {2014},
volume = {1},
number = {1},
pages = {},
issn = {0007-1930},
flags = {ALGODAN HIIT TRITON public},
url = {http://http://link.springer.com/article/10.1007/s10994-014-5465-9},
responsibleauthor = {Su, Hongyu and Rousu, Juho},
unitcode = {T312-1, T306-99},
impactfactor = {A1},
juforank = {3},
language = {eng},
il = {no},
kay = {NA},
country = {USA},
isbn = {}
}
@inproceedings{su14c,
author={Marchand, Mario and Su, Hongyu and Morvant, Emilie and Rousu, Juho and Shawe-Taylor, John},
title={Multilabel Structured Output Learning with Random Spanning Trees of Max-Margin Markov Networks},
booktitle = {Advances in Neural Information Processing System NIPS2014},
pages = {to appear},
year = {2014},
eventdetails = {31th Annual Conference on Advances in Neural Information Processing System, Montreal, Quebec, Canada, December 8 - December 13, 2014},
flags = {ALGODAN HIIT TRITON public},
url = {},
responsibleauthor = {Su, Hongyu and Rousu, Juho},
unitcode = {T312-1, T306-99},
impactfactor = {A4},
juforank = {2},
language = {eng},
il = {no},
kay = {NA},
series = {},
volume = {},
country = {Canada},
isbn = {}
}

% captcha
@inproceedings{Ahn03captcha,
 author = {Ahn, Luis Von and Blum, Manuel and Hopper, Nicholas J. and Langford, John},
 title = {CAPTCHA: Using Hard AI Problems for Security},
 booktitle = {Proceedings of the 22Nd International Conference on Theory and Applications of Cryptographic Techniques},
 series = {EUROCRYPT'03},
 year = {2003},
 isbn = {3-540-14039-5},
 location = {Warsaw, Poland},
 pages = {294--311},
 numpages = {18},
 url = {http://dl.acm.org/citation.cfm?id=1766171.1766196},
 acmid = {1766196},
 publisher = {Springer-Verlag},
 address = {Berlin, Heidelberg},
}

% assira
@Inproceedings {Elson07asirra,
author       = {Jeremy Elson and John R. Douceur and Jon Howell and Jared Saul},
booktitle    = {Proceedings of 14th ACM Conference on Computer and Communications Security (CCS)},
month        = {October},
publisher    = {Association for Computing Machinery, Inc.},
title        = {Asirra: A CAPTCHA that Exploits Interest-Aligned Manual Image Categorization},
url          = {http://research.microsoft.com/apps/pubs/default.aspx?id=74609},
year         = {2007},
}
